@book{muk1938,
    address = {Stolinobod},
    publisher = {Naşrijoti dawlatiji Toçikiston},
    year = {1938},
    author = {Gauff, W.},
    title = {Зulikik muk},
	langid = {tajik},
	keywords = {text},
}

@book{zaboni1933,
    address = {Stolinobod},
    publisher = {Naşrijoti dawlatiji Toçikiston},
    year = {1933},
    author = {Iskandarov, B. and S. Amdinov},
    title = {Zaвoni modari kitoв},
	langid = {tajik},
	keywords = {text},
}

@book{karamshoev_alamshoev1996,
    address = {Душанбе},
    publisher = {Маориф},
    year = {1996},
    author = {Карамшоев, Додхудо and Мукбилшо Аламшоев},
    title = {Хуг̌ну̊нӣ зив̌ алифбо. Алифбои шуғнонӣ дар қиёси тоҷикӣ. Китоби дарсӣ},
	langid = {tajik},
	keywords = {text},
}

@book{alamsho_karamsho2000,
    address = {Хоруғ},
    publisher = {Помир},
    year = {2000},
    author = {Аламшо, Мукбилшо and Додхудо Карамшо},
    title = {Хуг̌ну̊ни зив̌},
	langid = {tajik},
	keywords = {text},
}

@book{dodixudoev2001,
    isbn = {91-81922-60-7},
    publisher = {Instituti tarǰumā Kitobi Muqadas},
    year = {2001},
    author = {Dodixudoev, Raxim},
    title = {Luqo Inǰīl},
	langid = {shughni},
	keywords = {text},
}

@book{alamshoev2014,
    address = {Душанбе},
    year = {2014},
    author = {Аламшоев, Мукбилшо},
    title = {Дастури таълимии забони шуғнонӣ},
	langid = {tajik},
	keywords = {text},
}

@book{alinazar2017,
    year = {2017},
    author = {Алиназар, Сафо},
    title = {Нāн зив},
	langid = {shughni},
	keywords = {text},
}

@book{habib2019,
    editor = {Гулям, Хушом},
    address = {Душанбе},
    year = {2019},
    author = {Хабиб, Лидуш and Исфандиёр Неккадамов},
    title = {Иссохшее дерево в пустыне…},
	langid = {shughni},
	keywords = {text},
}

@book{khudobakhshov2017,
    address = {Харағ},
    year = {2017},
    author = {Худобахшов, Худобахш},
    title = {Зиндаги аз наw ца су̊д сар},
	langid = {shughni},
	keywords = {text},
}

@book{gulguncha2012,
    address = {Кӣйев},
    year = {2012},
	editor = {Бахтоваршоев, Алигавхар},
    author = {Шамбэзода’, Ҷамшед},
    title = {Гулғунча’},
	langid = {shughni},
	keywords = {text},
}

@book{shakarmamadov2005,
    address = {Душанбе},
	publisher = {Империал Групп},
    year = {2005},
	editor = {Шакармамадов, Нисормамад},
    title = {Фолклори Помир. Ҷилди II},
	langid = {tajik},
	keywords = {text},
}

@book{rizvonshoeva2012,
    address = {Душанбе},
	publisher = {Дониш},
    year = {2012},
	editor = {Ризвоншоева, Гулнисо},
    title = {Фолклори Помир. Ҷилди III},
	langid = {tajik},
	keywords = {text},
}

@book{rizvonshoeva2015,
    address = {Харағ},
    year = {2015},
	editor = {Ризвоншоева, Гулнисо},
    title = {Х̌итумбуц / Харгӯшак},
	langid = {shughni},
}