@book{bybee_etal1994,
    address = {Chicago},
    title = {The evolution of grammar: {Tense}, aspect and modality in the languages of the world},
    shorttitle = {The evolution of grammar},
    publisher = {The University of Chicago Press},
    author = {Bybee, Joan and Perkins, Revere and Pagliuca, William},
    year = {1994},
    label = {Bybee et al.},
    langid = {english},
    keywords = {other},
}

@book{comrie1976,
    title = {Aspect: {An} {Introduction} to the {Study} of {Verbal} {Aspect} and {Related} {Problems}},
    shorttitle = {Aspect},
    publisher = {Cambridge University Press},
    author = {Comrie, Bernard},
    year = {1976},
    langid = {english},
    keywords = {other},
}

@article{lazard1999,
    title = {Mirativity, evidentiality, mediativity, or other?},
    volume = {3},
    number = {1},
    journal = {Linguistic Typology},
    author = {Lazard, Gilbert},
    year = {1999},
    pages = {91–110},
    langid = {english},
    keywords = {other},
}

@incollection{lindstedt2000,
    address = {Berlin/New York},
    title = {The perfect – aspectual, temporal and evidential},
    booktitle = {Tense and {Aspect} in the {Languages} of {Europe}. {Empirical} {Approaches} to {Language} {Typology}},
    publisher = {Mouton de Gruyter},
    author = {Lindstedt, Jouko},
    editor = {Dahl, Östen},
    year = {2000},
    pages = {365–384},
    langid = {english},
    keywords = {other},
}

@article{plungian2016,
    title = {К типологии перфекта в языках мира: предисловие},
    volume = {XII},
    shorttitle = {К типологии перфекта в языках мира},
    number = {2},
    journal = {Acta Linguistica Petropolitana},
    author = {Плунгян, Владимир},
    year = {2016},
    pages = {7–36},
    langid = {russian},
    keywords = {other},
}

@thesis{verhees2019,
    address = {Moscow},
    title = {Evidentiality as part of tense-aspect in {East} {Caucasian} languages},
    school = {Higher School of Economics},
    author = {Verhees, Samira},
    year = {2019},
    note = {PhD~thesis},
    langid = {english},
    keywords = {other},
}

@thesis{krugliakova2010,
    address = {М.},
    title = {Семантика глаголов вращения в типологической перспективе},
    school = {РГГУ},
    author = {Круглякова, Виктория},
    year = {2010},
    note = {Дисс. … канд. наук},
    langid = {russian},
    keywords = {other},
}

@incollection{dahl_velupillai2013,
    title = {The {Perfect}},
    url = {https://www.wals.info/chapter/68},
    booktitle = {The {World} {Atlas} of {Language} {Structures} {Online}},
    author = {Dahl, Östen and Velupillai, Viveka},
    editor = {Dryer, Matthew S. and Haspelmath, Martin},
    year = {2013},
    langid = {english},
    keywords = {other},
}

@article{bybee_dahl1989,
    title = {The {Creation} of {Tense} and {Aspect} {Systems} in the {Languages} of the {World}},
    volume = {13},
    number = {1},
    journal = {Studies in Language},
    author = {Bybee, Joan and Dahl, Östen},
    year = {1989},
    pages = {51–103},
    langid = {english},
    keywords = {other},
}

@incollection{jugel2020,
    series = {Current {Issues} in {Linguistic} {Theory}},
    title = {The perfect in {Middle} and {New} {Iranian} languages},
    langid = {english},
    booktitle = {Perfects in {Indo}-{European} {Languages} and {Beyond}},
    publisher = {John Benjamins Publishing Company},
    author = {Jügel, Thomas},
    editor = {Crellin, Robert and Jügel, Thomas},
    year = {2020},
    pages = {279–310},
    langid = {english},
    keywords = {other},
}

@book{aikhenvald2004,
    address = {Oxford, New York},
    title = {Evidentiality},
    publisher = {Oxford University Press},
    author = {Aikhenvald, Alexandra},
    year = {2004},
    langid = {english},
    keywords = {other},
}

@book{newman2009,
    address = {Amsterdam},
    title = {The Linguistics of Eating and Drinking},
    publisher = {John Benjamins},
    author = {Newman, John},
    year = {2009},
    langid = {english},
    keywords = {other},
}

@book{lehmann_romano2005,
    address = {New York},
    title = {Testing statistical hypotheses},
    publisher = {Springer},
    author = {Lehmann, Erich L. and Romano, Joseph P.},
    year = {2005},
    langid = {english},
    keywords = {other},
}

@book{lewis2000,
    address = {Oxford, New York},
    edition = {2nd},
    title = {Turkish {Grammar}},
    isbn = {978-0-19-870036-4},
    publisher = {Oxford University Press},
    author = {Lewis, G. L.},
    year = {2000},
    langid = {english},
    keywords = {other},
}

@article{arslan2020,
    title = {When the owner of information is unsure: {Epistemic} uncertainty influences evidentiality processing in {Turkish}},
    volume = {247},
    shorttitle = {When the owner of information is unsure},
    doi = {10.1016/j.lingua.2020.102989},
    journal = {Lingua},
    author = {Arslan, Seçkin},
    year = {2020},
    langid = {english},
    keywords = {other},
}

@article{croft2009,
    title = {Connecting frames and constructions: A case study of «eat» and «feed»},
    volume = {1},
    number = {1},
    journal = {Constructions and Frames},
    author = {Croft, William},
    year = {2009},
    pages = {7–28},
    langid = {english},
    keywords = {other},
}

@article{haspelmath2008,
    title = {Frequency vs. iconicity in explaining grammatical asymmetries},
    volume = {19},
    number = {1},
    journal = {{Cognitive Linguistics}},
    author = {Haspelmath, Martin},
    year = {2008},
    pages = {1–33},
    langid = {english},
    keywords = {other},
}

@inproceedings{friedman1979,
    address = {Chicago},
    title = {Toward a {Typology} of {Status}: {Georgian} and {Other} {Non}-{Slavic} {Languages} of the {Soviet} {Union}},
    booktitle = {The {Elements}: {A} {Parasession} on {Linguistic} {Units} and {Levels}},
    publisher = {Chicago Linguistic Society},
    author = {Friedman, Victor},
    year = {1979},
    pages = {339–350},
    langid = {english},
    keywords = {other},
}

@inproceedings{daniel2003,
    address = {Cagliari},
    title = {{Towards a typology of personal locatives. Problem setting}},
    booktitle = {{Fifth International Conference of the Association for Linguistic Typology}},
    author = {Daniel, Michael},
    year = {2003},
    langid = {english},
    keywords = {other},
}

@incollection{friedman2003,
    series = {Typological {Studies} in {Language}},
    title = {Evidentiality in the {Balkans} with special attention to {Macedonian} and {Albanian}},
    booktitle = {Studies in {Evidentiality}},
    publisher = {John Benjamins Publishing Company},
    author = {Friedman, Victor},
    editor = {Aikhenvald, Alexandra and Dixon, R. M. W.},
    year = {2003},
    pages = {189–218},
    langid = {english},
    keywords = {other},
}

@incollection{stassen2001,
    address = {Berlin, New York},
    title = {{Predicative Possession}},
    booktitle = {Language typology and language universals: an international handbook},
    publisher = {Mouton de Gruyter},
    author = {Stassen, Leon},
    editor = {Haspelmath, Martin and Österreicher, Wulf and Raible, Wolfgang},
    year = {2001},
    pages = {954–960},
    langid = {english},
    keywords = {other},
}

@incollection{stassen2013,
    address = {Leipzig},
    title = {{Predicative Possession}},
    booktitle = {The World Atlas of Language Structures Online},
    publisher = {Max Planck Institute for Evolutionary Anthropology},
    author = {Stassen, Leon},
    editor = {Dryer, Matthew S. and Haspelmath, Martin},
    year = {2013},
    url = {https://www.wals.info/chapter/117},
    langid = {english},
    keywords = {other},
}

@book{perry2005,
    address = {Leiden, Boston},
    title = {A {Tajik} {Persian} {Reference} {Grammar}},
    publisher = {Brill},
    author = {Perry, John},
    year = {2005},
    langid = {english},
    keywords = {other},
}

@article{tatevosov2001,
    title = {From resultatives to evidentials: {Multiple} uses of the {Perfect} in {Nakh}-{Daghestanian} languages},
    volume = {33},
    shorttitle = {From resultatives to evidentials},
    number = {3},
    journal = {Journal of Pragmatics},
    author = {Tatevosov, Sergei},
    year = {2001},
    pages = {443–464},
    langid = {english},
    keywords = {other},
}

@incollection{tatevosov2007,
    address = {СПб.},
    title = {Эвиденциальность и адмиратив в багвалинском языке},
    booktitle = {Эвиденциальность в языках Европы и Азии. Сборник статей памяти Наталии Андреевны Козинцевой},
    publisher = {Наука},
    author = {Татевосов, Сергей},
    editor = {Храковский, В.},
    year = {2007},
    pages = {351–397},
    langid = {russian},
    keywords = {other},
}

@incollection{nedialkov_yakhontov1983,
    address = {Л.},
    title = {Типология результативных конструкций},
    booktitle = {Типология результативных конструкций},
    publisher = {Наука},
    author = {Недялков, В. П. and Яхонтов, С. Е.},
    editor = {Недялков, В. П.},
    year = {1983},
    pages = {5–40},
    langid = {russian},
    keywords = {other},
}

@article{maisak2016,
    title = {Перфект и Аорист в ниджском диалекте удинского языка},
    volume = {XII},
    number = {2},
    journal = {Acta Linguistica Petropolitana},
    author = {Майсак, Тимур},
    year = {2016},
    pages = {315–378},
    langid = {russian},
    keywords = {other},
}

@article{delancey2001,
    title = {The mirative and evidentiality},
    volume = {33},
    number = {3},
    journal = {Journal of Pragmatics},
    author = {DeLancey, Scott},
    year = {2001},
    pages = {369–382},
    langid = {english},
    keywords = {other},
}

@article{hill2012,
    title = {“{Mirativity}” does not exist: ḥdug in “{Lhasa}” {Tibetan} and other suspects},
    volume = {16},
    shorttitle = {“{Mirativity}” does not exist},
    number = {3},
    journal = {Linguistic Typology},
    author = {Hill, Nathan W.},
    year = {2012},
    pages = {389–433},
    langid = {english},
    keywords = {other},
}

@article{delancey2012,
    title = {Still mirative after all these years},
    volume = {16},
    number = {3},
    journal = {Linguistic Typology},
    author = {DeLancey, Scott},
    year = {2012},
    pages = {529–564},
    langid = {english},
    keywords = {other},
}

@incollection{slobin_aksu1982,
    address = {Amsterdam; Philadelphia},
    title = {Tense, {Aspect} and {Modality} in the {Use} of the {Turkish} {Evidential}},
    booktitle = {Tense-{Aspect}: {Between} semantics \& pragmatics},
    publisher = {John Benjamins},
    author = {Slobin, Dan and Aksu, Ayhan},
    editor = {Hopper, Paul J.},
    year = {1982},
    pages = {185–200},
    langid = {english},
    keywords = {other},
}

@incollection{perry2000,
    address = {Berlin, Boston},
    series = {Empirical {Approaches} to {Language} {Typology} [{EALT}]},
    title = {Epistemic verb forms in {Persian} of {Iran}, {Afghanistan} and {Tajikistan}},
    number = {24},
    booktitle = {Evidentials: {Turkic}, {Iranian} and {Neighbouring} {Languages}},
    publisher = {De Gruyter Mouton},
    author = {Perry, John},
    editor = {Johanson, Lars and Utas, Bo},
    year = {2000},
    pages = {229–258},
    langid = {english},
    keywords = {other},
}

@book{dahl1985,
    address = {Oxford, New York},
    title = {Tense and aspect systems},
    publisher = {B. Blackwell},
    author = {Dahl, Östen},
    year = {1985},
    langid = {english},
    keywords = {other},
}

@incollection{maslov1983,
    address = {Л.},
    title = {Результатив, перфект и глагольный вид},
    booktitle = {Типология результативных конструкций},
    publisher = {Наука},
    author = {Маслов, Юрий},
    editor = {Недялков, В. П.},
    year = {1983},
    pages = {41–53},
    langid = {russian},
    keywords = {other},
}

@article{bashir2010,
    title = {Traces of mirativity in {Shina}},
    volume = {9},
    number = {2},
    journal = {Himalayan Linguistics},
    author = {Bashir, Elena},
    year = {2010},
    pages = {1–55},
    langid = {english},
    keywords = {other},
}

@incollection{apresian1986,
    title = {Дейксис в лексике и грамматике и наивная модель мира},
    journal = {Семиотика и информатика},
    number = {28},
    author = {Апресян, Юрий},
    year = {1986},
    pages = {5–33},
    langid = {russian},
    keywords = {other},
}

@book{plungian2011,
    address = {М.},
    title = {Введение в грамматическую семантику: грамматические значения и грамматические системы языков мира},
    isbn = {978-5-7281-1122-1},
    shorttitle = {Введение в грамматическую семантику},
    publisher = {Издательство РГГУ},
    author = {Плунгян, Владимир},
    year = {2011},
    langid = {russian},
    keywords = {other},
}

@article{popiel2009,
    journal = {Вопросы языкознания},
    pages = {22–34},
    number = {2},
    year = {2009},
    author = {Ростовцев-Попель, Александр},
    title = {Типология демонстративов: средние дейктики},
    langid = {russian},
    keywords = {other},
}

@incollection{anderson_keenan1985,
    address = {Cambridge},
    title = {Deixis},
    isbn = {978-0-521-31899-0},
    booktitle = {Language {Typology} and {Syntactic} {Description}: {Volume} 3},
    publisher = {Cambridge University Press},
    author = {Anderson, Stephen R. and Keenan, Edward L.},
    editor = {Shopen, Timothy},
    year = {1985},
    pages = {259–308},
    langid = {english},
    keywords = {other},
}

@book{brugmann1904,
    address = {Berlin},
    title = {Die Demonstrativpronomina der indogermanischen Sprachen (eine bedeutungsgeschichtliche Untersuchung)},
    shorttitle = {Die Demonstrativpronomina der indogermanischen Sprachen},
    publisher = {B. G. Teubner},
    author = {Brugmann, Karl},
    year = {1904},
    langid = {english},
    keywords = {other},
}

@book{buhler2011,
    address = {Amsterdam/Philadelphia},
    title = {Theory of language: the representational function of language},
    shorttitle = {Theory of language},
    publisher = {John Benjamins},
    author = {Bühler, Karl},
    year = {1934/2011},
    translator = {Goodwin, Donald F.},
    langid = {english},
    keywords = {other},
}

@book{diessel1999,
    address = {Amsterdam/Philadelphia},
    title = {Demonstratives. Form, function, and grammaticalization},
    shorttitle = {Demonstratives},
    publisher = {John Benjamins},
    author = {Diessel, Holger},
    year = {1999},
    langid = {english},
    keywords = {other},
}

@incollection{zic_fuchs1996,
    address = {Berlin/New York},
    title = {{‘Here’} and {‘There’} in {Croatian}},
    booktitle = {The construal of space and thought},
    publisher = {Mouton de Gruyter},
    author = {Žic Fuchs, Milena},
    editor = {Pütz, Martian and Dirven, René},
    year = {1996},
    pages = {49–62},
    langid = {english},
    keywords = {other},
}

@incollection{zhivov1996,
    address = {М.},
    title = {История понятий, история культуры, история общества},
    booktitle = {Очерки исторической семантики русского языка раннего нового времени},
    publisher = {Языки славянской культуры},
    author = {Живов, Виктор},
    editor = {Живов, Виктор},
    year = {1996},
    pages = {5–26},
    langid = {russian},
    keywords = {other},
}

@article{reznikova2022,
    journal = {Вопросы языкознания},
    pages = {66–94},
    number = {4},
    year = {2022},
    author = {Резникова, Татьяна},
    title = {Глаголы прятания: типология систем},
    langid = {russian},
    keywords = {other},
}

@article{rakhilina_reznikova2013,
    journal = {Вопросы языкознания},
    pages = {3–31},
    number = {2},
    year = {2013},
    author = {Рахилина, Екатерина and Резникова, Татьяна},
    title = {Фреймовый подход к лексической типологии},
    langid = {russian},
    keywords = {other},
}

@collection{rakhilina_etal2020,
    title = {Типология глаголов падения},
    series = {Acta Linguistica Petropolitana},
    number = {16},
    editor = {Рахилина, Екатерина and Резникова, Татьяна and Рыжова, Дарья},
    year = {2020},
    langid = {russian},
    keywords = {other},
}

@book{maisak_rakhilina_ed2007,
    address = {М.},
    title = {Глаголы движения в воде: лексическая типология},
    publisher = {Индрик},
    editor = {Майсак, Тимур and Рахилина, Екатерина},
    year = {2007},
    langid = {russian},
    keywords = {other},
}

@incollection{maisak_rakhilina2007,
    address = {М.},
    title = {Глаголы движения и нахождения в воде: лексические системы и семантические параметры},
    booktitle = {Глаголы движения в воде: лексическая типология},
    publisher = {Индрик},
    author = {Майсак, Тимур and Рахилина, Екатерина},
    editor = {Майсак, Тимур and Рахилина, Екатерина},
    year = {2007},
    pages = {27–75},
    langid = {russian},
    keywords = {other},
}

@incollection{lander_kramarova2007,
    address = {М.},
    title = {Индонезийские глаголы плавания и их система},
    booktitle = {Глаголы движения в воде: лексическая типология},
    publisher = {Индрик},
    author = {Ландер, Юрий and Крамарова, Светлана},
    editor = {Майсак, Тимур and Рахилина, Екатерина},
    year = {2007},
    pages = {664–693},
    langid = {russian},
    keywords = {other},
}

@article{armand_nikitenko2020,
    title = {Глаголы с семантикой падения в современном персидском языке},
    volume = {XVI},
    number = {1},
    journal = {Acta Linguistica Petropolitana},
    author = {Арманд, Елена and Никитенко, Евгения},
    year = {2020},
    pages = {609–637},
    langid = {russian},
    keywords = {other},
}

@article{kashkin2020,
    title = {Глаголы перемещения веществ в некоторых финно-угорских языках},
    volume = {XVI},
    number = {1},
    journal = {Acta Linguistica Petropolitana},
    author = {Кашкин, Егор},
    year = {2020},
    pages = {462–493},
    langid = {russian},
    keywords = {other},
}

@incollection{dzedzic2016,
    address = {Воронеж},
    title = {Глаголы перемещения веществ в типологической перспективе},
    booktitle = {Проблемы лексико-семантической типологии. Вып.~3},
    publisher = {ВГПУ},
    year = {2016},
    author = {Дзедзич, Елена},
    editor = {Кретов, Алексей},
    pages = {72–77},
    langid = {russian},
    keywords = {other},
}

@thesis{dzedzic2017,
    address = {М.},
    school = {Высшая школа экономики},
    year = {2017},
    author = {Дзедзич, Елена},
    title = {Глаголы движения и перемещения веществ: семантика и типология},
    note = {Диплом бакалавра},
    langid = {russian},
    keywords = {other},
}

@thesis{belova2021,
    address = {М.},
    school = {МГУ},
    year = {2021},
    author = {Белова, Дарья},
    title = {Грамматические и коммуникативные асимметрии в извлечении операторов из именных именных групп в русском языке},
    note = {Диплом бакалавра},
    langid = {russian},
    keywords = {other},
}

@thesis{zhigulskaya2015,
    address = {М.},
    school = {Высшая школа экономики},
    year = {2015},
    author = {Жигульская, Василиса},
    title = {Типология личных локативов},
    note = {Диплом бакалавра},
    langid = {russian},
    keywords = {other},
}

@online{datsemshift,
    author = {Zalizniak, Anna and Bulakh, Maria and Ganenkov, Dmitry and Gruntov, Ilya and Kaprielova, Viktoria and Kondratieva, Violetta and Maisak, Timur and Mikhailova, Tatiana and Orlova, Maria and Russo, Maksim and Rykov, Elisei and Smirnitskaya, Anna and Bobrik-Fremke, Marina and Dereza, Oksana and Bibaeva, Maria and Voronov, Mikhail},
    address = {Moscow},
    publisher = {Institute of Linguistics, RAS},
    title = {Database of Semantic Shifts},
    url = {https://www.datsemshift.ru},
    year = {2002–2024},
    langid = {english},
    keywords = {other},
}

@document{leipzig,
    title = {Leipzig {Glossing} {Rules}},
    year = {2008},
    url = {https://www.eva.mpg.de/lingua/resources/glossing-rules.php},
    publisher = {Max Planck Institute for Evolutionary Anthropology, Department of Linguistics},
    keywords = {other},
}

@article{clics2020,
    title = {The {Database} of {Cross}-{Linguistic} {Colexifications}, reproducible analysis of cross-linguistic polysemies},
    volume = {7},
    issn = {2052-4463},
    doi = {10.1038/s41597-019-0341-x},
    number = {1},
    journal = {Scientific Data},
    author = {Rzymski, Christoph and Tresoldi, Tiago and Greenhill, Simon J. and Wu, Mei-Shin and Schweikhard, Nathanael E. and Koptjevskaja-Tamm, Maria and Gast, Volker and Bodt, Timotheus A. and Hantgan, Abbie and Kaiping, Gereon A. and Chang, Sophie and Lai, Yunfan and Morozova, Natalia and Arjava, Heini and Hübler, Nataliia and Koile, Ezequiel and Pepper, Steve and Proos, Mariann and Van Epps, Briana and Blanco, Ingrid and Hundt, Carolin and Monakhov, Sergei and Pianykh, Kristina and Ramesh, Sallona and Gray, Russell D. and Forkel, Robert and List, Johann-Mattis},
    year = {2020},
    langid = {english},
    keywords = {other},
}

@incollection{tolstaya2011,
    address = {М.},
    title = {Глагол \textit{найти}/\textit{находить} и его семантические корреляты},
    booktitle = {Слово и язык. Сборник статей квосьмидесятилетию академика Ю.~Д.~Апресяна},
    publisher = {Языки славянских культур},
    year = {2011},
    author = {Толстая, Светлана},
    pages = {338–346},
    langid = {russian},
    keywords = {other},
}

@book{eureka2018,
    address = {М.},
    title = {ЕВРика! Сборник статей о поисках и находках к юбилею Е.~В.~Рахилиной},
    shorttitle = {ЕВРика!},
    publisher = {Лабиринт},
    editor = {Рыжова, Дарья and Добрушина, Нина and Бонч-Осмоловская, Анастасия and Выренкова, Анастасия and Кюсева, Мария and Орехов, Борис and Резникова, Татьяна},
    year = {2018},
    langid = {russian},
    keywords = {other},
}

@incollection{ryzhova_stankovich2018,
    address = {М.},
    title = {К проблеме внутригенетической типологии: поля «искать» и «находить» в русском и сербском языках},
    booktitle = {ЕВРика! Сборник статей о поисках и находках к юбилею Е.~В.~Рахилиной},
    publisher = {Лабиринт},
    author = {Рыжова, Дарья and Станкович, Милька},
    editor = {Рыжова, Дарья and Добрушина, Нина and Бонч-Осмоловская, Анастасия and Выренкова, Анастасия and Кюсева, Мария and Орехов, Борис and Резникова, Татьяна},
    year = {2018},
    pages = {15–37},
    langid = {russian},
    keywords = {other},
}

@book{mirboboev2006,
    address = {Душанбе},
    title = {Таджикско-русский словарь [Фарҳанги Тоҷикӣ-Русӣ]},
    publisher = {Институт языка и литературы АН РТ имени Рудаки [Институти забон ва адабиёти АИ ҶТ ба номи Рӯдакӣ]},
    editor = {Мирбобоев, Азиз},
    year = {2006},
    langid = {russian},
    keywords = {other},
}

@book{rubinchik1983,
    address = {М.},
    title = {Персидско-русский словарь},
    volume = {2},
    publisher = {Русский язык},
    author = {Рубинчик, Юрий},
    year = {2018},
    langid = {russian},
    keywords = {other},
}

@book{rakhilina2008,
    address = {М.},
    title = {Когнитивный анализ предметных имён: семантика и сочетаемость},
    publisher = {Русские словари},
    author = {Рахилина, Екатерина},
    year = {2008},
    langid = {russian},
    keywords = {other},
}

@incollection{lyashevskaya_rakhilina2010,
    address = {М.},
    author = {Ляшевская, Ольга and Рахилина, Екатерина},
    editor = {Рахилина, Екатерина},
    title = {Новые конструкции как хорошо забытые старые},
    booktitle = {Лингвистика конструкций},
    publisher = {Азбуковник},
    year = {2010},
    pages = {335–351},
    langid = {russian},
    keywords = {other},
}

@incollection{rakhilina_sukhoen2010,
    address = {М.},
    author = {Рахилина, Екатерина and Су Хён, Ли},
    editor = {Рахилина, Екатерина},
    title = {О категории лексической множественности},
    booktitle = {Лингвистика конструкций},
    publisher = {Азбуковник},
    year = {2010},
    pages = {352–397},
    langid = {russian},
    keywords = {other},
}

@incollection{kashkin2017,
    address = {Сыктывкар},
    author = {Кашкин, Егор},
    editor = {Попова, Римма},
    title = {Коми язык и лексическая типология: глаголы падения},
    booktitle = {Пермистика-16: Диалекты и история пермских языков во взаимодействии с другими языками},
    publisher = {Издательство СГУ им.~Питирима Сорокина},
    year = {2017},
    pages = {86–94},
    langid = {russian},
    keywords = {other},
}

@article{nkrya2024,
    journal = {Вопросы языкознания},
    pages = {7–34},
    number = {2},
    year = {2024},
    author = {Савчук, Светлана and Архангельский, Тимофей and Бонч-Осмоловская, Анастасия and Донина, Ольга and Кузнецова, Юлия and Ляшевская, Ольга and Орехов, Борис and Подрядчикова, Мария},
    title = {Национальный корпус русского языка 2.0: новые возможности и перспективы развития},
    langid = {russian},
    keywords = {other},
}

@article{apresian2014,
    journal = {Вопросы языкознания},
    pages = {3–26},
    number = {2},
    year = {2014},
    author = {Апресян, Валентина},
    title = {Контроль и отрицание: взаимодействие значений},
    langid = {russian},
    keywords = {other},
}

@article{bagirokova_ryzhova2022,
    journal = {Вопросы языкознания},
    pages = {95–114},
    number = {4},
    year = {2022},
    author = {Багирокова, Ирина and Рыжова, Дарья},
    title = {Глаголы прятания и особенности их оформления локативными аффиксами в адыгейском языке},
    langid = {russian},
    keywords = {other},
}

@article{kibrik_etal2006,
    journal = {Вопросы языкознания},
    pages = {16–45},
    number = {1},
    year = {2006},
    author = {Кибрик, Александр and Брыкина, Мария and Леонтьев, Алексей and Хитров, Андрей},
    title = {Русские посессивные конструкции в свете корпусно-статистического исследования},
    langid = {russian},
    keywords = {other},
}

@article{apresjan2004,
    journal = {Русский язык в научном освещении},
    pages = {5–22},
    number = {7},
    volume = {1},
    year = {2004},
    author = {Апресян, Юрий},
    title = {Интерпретационные глаголы: семантическая структура и свойства},
    langid = {russian},
    keywords = {other},
}

@article{fillmore1976,
    journal = {Annals of the New York Academy of Sciences},
    pages = {20–32},
    number = {1},
    volume = {280},
    year = {1976},
    author = {Fillmore, Charles J.},
    title = {Frame Semantics and the Nature of Language},
    langid = {english},
    keywords = {other},
}

@article{reznikova_etal2012,
    journal = {Linguistics},
    pages = {421–465},
    number = {3},
    volume = {50},
    year = {2012},
    author = {Reznikova, Tatiana and Rakhilina, Ekaterina and Bonch-Osmolovskaya, Anastasia},
    title = {Towards a typology of pain predicates},
    langid = {english},
    keywords = {other},
}

@article{shapiro2015,
    journal = {Урало-алтайские исследования},
    pages = {29–52},
    number = {16},
    volume = {1},
    year = {2015},
    author = {Шапиро, Мария},
    title = {Глаголы колебательного движения в уральских языках (на материале финского, ненецкого и коми-зырянского языков): семантика и типология},
    langid = {russian},
    keywords = {other},
}

@incollection{kustova2000,
    address = {М.},
    author = {Кустова, Галина},
    editor = {Арутюнова, Нина and Янко, Татьяна and Рябцева, Надежда},
    title = {Предикаты интерпретации: ошибка и нарушение},
    booktitle = {Логический анализ языка. Языки этики},
    publisher = {Языки русской культуры},
    year = {2000},
    pages = {125–133},
    langid = {russian},
    keywords = {other},
}

@incollection{geeraerts2016,
    address = {London},
    author = {Geeraerts, Dirk},
    editor = {Niemer, Rick},
    title = {Sense individuation},
    booktitle = {The Routledge Handbook of Semantics},
    publisher = {Routledge},
    year = {2016},
    pages = {233–247},
    langid = {english},
    keywords = {other},
}

@incollection{rakhilina_prokofieva2005,
    address = {М.},
    author = {Рахилина, Екатерина and Прокофьева, Ирина},
    editor = {Топоров, Владимир},
    title = {Русские и польские глаголы колебательного движения: семантика и типология},
    booktitle = {Язык и личность. Текст. Сб.~ст. к~70-летию Т.~М.~Николаевой},
    publisher = {Языки славянской культуры},
    year = {2005},
    pages = {304–314},
    langid = {russian},
    keywords = {other},
}

@incollection{aikhenvald2019,
    address = {Amsterdam},
    author = {Aikhenvald, Alexandra},
    editor = {Johanson, Lars and Mazzitelli, Lidia Federica and Nevskaya, Irina},
    title = {Expressing ‘possession’: motivations, meanings, and forms},
    booktitle = {{Possession in languages of Europe and North and Central Asia}},
    publisher = {John Benjamins},
    year = {2019},
    pages = {7–25},
    series = {{Studies in Language Companion Series}},
    number = {206},
    langid = {english},
    keywords = {other},
}

@incollection{dahl_koptjevskaja_tamm2001,
    address = {Amsterdam},
    author = {Dahl, Östen and Koptjevskaja-Tamm, Maria},
    editor = {Baron, Irène and Herslund, Michael and Sørensen, Finn},
    title = {Kinship in grammar},
    booktitle = {{Dimensions of Possession}},
    publisher = {John Benjamins},
    year = {2001},
    pages = {201–225},
    langid = {english},
    keywords = {other},
}

@incollection{lander2004,
    address = {Amherst},
    author = {Lander, Yury},
    editor = {Kim, Ji-Yung and Lander, Yury and Partee, Barbara},
    title = {Dealing with relevant possessors},
    booktitle = {Possessives and beyond: semantics and syntax},
    publisher = {GLSA Publications},
    year = {2004},
    pages = {309–336},
    series = {{Univ. of Massachusetts Occasional Papers in Linguistics}},
    number = {29},
    langid = {english},
    keywords = {other},
}

@incollection{koenig_haspelmath1997,
    address = {Berlin},
    author = {König, Ekkehard and Haspelmath, Martin},
    editor = {Feuillet, Jacques},
    title = {Les constructions à posesseur externe dans les langues d’Europe},
    booktitle = {Actance et valance dans les langues de l’Europe},
    publisher = {Mouton de Gruyter},
    year = {1997},
    pages = {525–606},
    langid = {english},
    keywords = {other},
}

@incollection{levinson2018,
    address = {Cambridge},
    author = {Levinson, Steven~C.},
    editor = {Levinson, Stephen~C. and Cutfield, Sarah and Dunn, Michael~J. and Enfield, N.~J. and Meira, Sérgio},
    title = {Demonstratives: Patterns in diversity},
    booktitle = {Demonstratives in cross-linguistic perspective},
    publisher = {Cambridge University Press},
    year = {2018},
    pages = {1–42},
    langid = {english},
    keywords = {other},
}

@incollection{plungian2017,
    address = {Firenze},
    author = {Плунгян, Владимир},
    editor = {Benacchio, Rosanna and Muro, Alessio and Slavkova, Svetlana},
    title = {К списку двувидовых глаголов в русском языке: история пасть},
    booktitle = {The role of prefixes in the formation of aspectuality: issues of grammaticalization},
    publisher = {Firenze University Press},
    year = {2017},
    pages = {167–182},
    langid = {english},
    keywords = {other},
}

@incollection{givon1979,
    address = {Stanford},
    author = {Givón, Talmy},
    editor = {Greenberg, Joseph},
    title = {Definiteness and referentiality},
    booktitle = {Universals of Human Language},
    publisher = {Stanford University Press},
    year = {1979},
    pages = {291–330},
    langid = {english},
    keywords = {other},
}

@book{abaev1959,
    address = {Орджоникидзе},
    title = {Грамматический очерк осетинского языка},
    publisher = {Северо-осетинское книжное издательство},
    author = {Абаев, Васо},
    year = {1959},
    langid = {russian},
    keywords = {other},
}

@book{rakhilina2000,
    address = {М.},
    title = {Когнитивный анализ предметных имён: семантика и сочетаемость},
    publisher = {Русские словари},
    author = {Рахилина, Екатерина},
    year = {2000},
    langid = {russian},
    keywords = {other},
}

@book{koevecses2000,
    address = {New York},
    title = {Metaphor and emotion: Language, culture, and body in human feeling},
    publisher = {Cambridge University Press},
    author = {Kövecses, Zoltán},
    year = {2000},
    langid = {english},
    keywords = {other},
}

@book{langacker1987,
    address = {Stanford},
    title = {Foundations of Cognitive Grammar: Theoretical prerequisites},
    publisher = {Stanford University Press},
    author = {Langacker, Ronald W.},
    year = {1987},
    langid = {english},
    keywords = {other},
}

@book{paducheva1985,
    address = {М.},
    title = {Высказывание и его соотнесённость с действительностью (Референциальные аспекты семантики местоимений)},
    publisher = {Наука},
    author = {Падучева, Елена},
    year = {1985},
    langid = {russian},
    keywords = {other},
}

@book{paducheva2004,
    address = {М.},
    title = {Динамические модели в семантике лексики},
    publisher = {Языки славянской культуры},
    author = {Падучева, Елена},
    year = {2004},
    langid = {russian},
    keywords = {other},
}


@book{nikolaeva2008,
    address = {М.},
    title = {Непарадигматическая лингвистика (История «блуждающих» частиц)},
    publisher = {Языки славянских культур},
    author = {Николаева, Татьяна},
    year = {2008},
    langid = {russian},
    keywords = {other},
}

@thesis{tegey1977,
    address = {Champaign},
    school = {Univ. of Illinois at Urbana-Champaign},
    year = {1977},
    author = {Tegey, Habibullah},
    title = {The grammar of clitics: evidence from Pashto and other languages},
    note = {PhD~thesis},
    langid = {english},
    keywords = {other},
}

@book{zalizniak2008,
    address = {М.},
    title = {Древнерусские энклитики},
    publisher = {Языки славянских культур},
    author = {Зализняк, Андрей},
    year = {2008},
    langid = {russian},
    keywords = {other},
}

@book{zimmerling2013,
    address = {М.},
    title = {Системы порядка слов славянских языков в типологическом аспекте},
    publisher = {Языки славянских культур},
    author = {Циммерлинг, Антон},
    year = {2013},
    langid = {russian},
    keywords = {other},
}

@book{zwicky1977,
    address = {Bloomington},
    title = {On Clitics},
    publisher = {Indiana Univ. Linguistics Club},
    author = {Zwicky, Arnold},
    year = {1977},
    langid = {english},
    keywords = {other},
}

@book{corbett1991,
    address = {Cambridge},
    title = {Gender},
    publisher = {Cambridge University Press},
    author = {Corbett, Greville},
    year = {1991},
    langid = {english},
    keywords = {other},
}

@incollection{krivnova2015,
    address = {М.},
    author = {Кривнова, Ольга},
    title = {Глубина просодических швов в звучащем тексте (экспериментальные данные)},
    booktitle = {Компьютерная лингвистика и интеллектуальные технологии: По материалам ежегодной Международной конференции «Диалог» (Москва, 27–30 мая 2015 г.)},
    publisher = {Издательство РГГУ},
    year = {2015},
    pages = {338–351},
    langid = {russian},
    keywords = {other},
}

@inbook{maslov1979,
    address = {М.},
    author = {Маслов, Юрий},
    title = {О типологии чередований},
    booktitle = {Избранные труды: Аспектология. Общее языкознание},
    publisher = {Языки славянской культуры},
    year = {1979/2004},
    pages = {757–764},
    langid = {russian},
    keywords = {other},
}

@incollection{melchuk1996,
    address = {М.},
    author = {Mel’čuk, Igor},
    editor = {Николаева, Татьяна},
    title = {Morphological processes},
    booktitle = {Русистика. Славистика. Индоевропеистика. Сборник к 60-летию А.~А.~Зализняка},
    publisher = {Индрик},
    year = {1996},
    pages = {526–563},
    langid = {russian},
    keywords = {other},
}

@book{melchuk2000,
    address = {М.},
    title = {Курс общей морфологии. Том III. Часть третья: Морфологические средства. Часть четвёртая: Морфологические синтактики},
    publisher = {Языки русской культуры},
    author = {Мельчук, Игорь},
    year = {2000},
    langid = {russian},
    keywords = {other},
}

@book{plungian2009,
    address = {М.},
    title = {Общая морфология: введение в проблематику},
    publisher = {Эдиториал УРСС},
    author = {Плунгян, Владимир},
    year = {2009},
    edition = {3-е~изд.},
    langid = {russian},
    keywords = {other},
}

@article{korn2016_tree,
    title = {A partial tree of Central Iranian},
    author = {Korn, Agnes},
    pages = {401–434},
    volume = {121},
    number = {1},
    journal = {Indogermanische Forschungen},
    year = {2016},
    langid = {english},
    keywords = {other},
}

@article{korn2019,
    title = {{Isoglosses and subdivisions of Iranian}},
    author = {Korn, Agnes},
    journal = {{Journal of Historical Linguistics}},
    volume = {9},
    number = {2},
    pages = {239–281},
    year = {2019},
    langid = {english},
    keywords = {other},
}

@article{apresjan1997,
    title = {Emotion metaphors and cross-linguistic conceptualization of emotions},
    author = {Apresjan, Valentina},
    journal = {Cuadernos de filologia inglesa},
    volume = {6},
    number = {2},
    pages = {179–195},
    year = {1997},
    langid = {english},
    keywords = {other},
}

@incollection{arkadiev2006,
    address = {СПб.},
    author = {Аркадьев, Пётр},
    editor = {Боголюбов, Михаил},
    title = {Двухпадежные системы в индоиранских языках: Типологическая перспектива},
    booktitle = {Индоиранское языкознание и типология языковых ситуаций: Сборник статей к 75-летию профессора А.~Л.~Грюнберга (1930–1995)},
    publisher = {Наука},
    year = {2006},
    pages = {74–92},
    langid = {russian},
    keywords = {other},
}

@incollection{uryson2023,
    address = {М.},
    author = {Урысон, Елена},
    editor = {Апресян, Валентина and Апресян, Юрий and Бабаева, Елизавета and Богуславская, Ольга and Бухаров, Ян and Галактионова, Ирина and Гловинская, Марина and Иомдин, Борис and Крылова, Татьяна and Левонтина, Ирина and Лопухина, Анастасия and Птенцова, Анна and Санников, Андрей and Урысон, Елена},
    title = {Словарная статья ИСКАТЬ},
    publisher = {МЦНМО},
    booktitle = {Активный словарь русского языка. Том 4, Часть 1},
    year = {2023},
    langid = {russian},
    keywords = {other},
}

@incollection{tolstaya2013,
    address = {М.},
    author = {Толстая, Светлана},
    title = {Семантическая реконструкция и лексическая типология},
    publisher = {Индрик},
    booktitle = {Славянское языкознание. Доклады российской делегации},
    year = {2013},
    pages = {141–160},
    langid = {russian},
    keywords = {other},
}

@article{forker2019,
    title = {Elevation as a category of grammar: Sanzhi Dargwa and beyond},
    author = {Forker, Diana},
    volume = {23},
    number = {1},
    journal = {Linguistic Typology},
    year = {2019},
    langid = {english},
    keywords = {other},
}

@article{rakhilina_bychkova2022,
    title = {Русская классика XIX века и проблема лингвистического комментария (на примере «Героя нашего времени» Лермонтова)},
    author = {Рахилина, Екатерина and Бычкова, Полина},
    number = {131},
    journal = {Russian Literature},
    year = {2022},
    pages = {143–169},
    langid = {russian},
    keywords = {other},
}

@article{rozenfeld1956,
    title = {Дарвазские говоры таджикского языка},
    author = {Розенфельд, Анна},
    number = {VI},
    journal = {Труды Института языкознания Академии наук СССР},
    year = {1956},
    pages = {196–276},
    langid = {russian},
    keywords = {other},
}

@incollection{edelman2021,
    address = {М.},
    author = {Эдельман, Джой},
    editor = {Коган, Антон and Панина, Анна},
    title = {Сочетаемость праязыковых элементов и структурная трансформация иранских языков},
    booktitle = {Проблемы общей и востоковедной лингвистики: Сочетаемость языковых единиц и языковые модели: Памяти З.~М.~Шаляпиной (1946–2020)},
    publisher = {ИВ РАН},
    year = {2021},
    pages = {218–225},
    langid = {russian},
    keywords = {other},
}

@incollection{lupke2011,
    address = {Cambridge},
    title = {Orthography development},
    isbn = {978-0-521-88215-6},
    booktitle = {Handbook of endangered languages},
    publisher = {Cambridge University Press},
    author = {Lüpke, Friederike},
    editor = {Austin, Peter and Sallabank, Julia},
    year = {2011},
    pages = {312–336},
    langid = {english},
    keywords = {other},
}

@book{stark2010,
    address = {Dallas},
    title = {Kambari {Orthography} {Design}},
    isbn = {978-1-55671-245-6},
    publisher = {SIL International},
    author = {Stark, Janie P.},
    year = {2010},
    langid = {english},
    keywords = {other},
}

@book{saymiddinov_etal2006,
    address = {Душанбе},
    title = {Фарҳанги тоҷикӣ ба русӣ (Таджикско-русский словарь)},
    publisher = {Пайванд},
    editor = {Саймиддинов, Додихудо and Холматова, С. and Каримов, С.},
    year = {2006},
    langid = {russian},
    keywords = {other},
}

@incollection{seifart2008,
    series = {Trends in {Linguistics}. {Studies} and {Monographs} [{TiLSM}]},
    title = {Orthography development},
    isbn = {978-3-11-019773-0},
    number = {178},
    booktitle = {Essentials of {Language} {Documentation}},
    publisher = {De Gruyter Mouton},
    author = {Seifart, Frank},
    editor = {Gippert, Jost and Himmelmann, Nikolaus P. and Mosel, Ulrike},
    year = {2008},
    pages = {275–300},
    langid = {english},
    keywords = {other},
}

@book{grenoble_whaley2005,
    title = {Saving {Languages}: {An} {Introduction} to {Language} {Revitalization}},
    publisher = {Cambridge University Press},
    author = {Grenoble, Lenore A. and Whaley, Lindsay J.},
    year = {2005},
    langid = {english},
    keywords = {other},
}

@article{graschenko2011,
    title = {Клиент удалённой автоматизации согласования компьютерных шрифтов таджикского языка},
    volume = {54},
    issn = {0002-3469},
    number = {5},
    journal = {Доклады Академии наук Республики Таджикистан},
    author = {Гращенко, Леонид},
    year = {2011},
    pages = {367–370},
    langid = {russian},
    keywords = {other},
}

@online{birman,
    title = {Типографская раскладка Ильи Бирмана},
    url = {https://www.ilyabirman.ru/typography-layout},
    author = {Бирман, Илья},
    year = {2023},
    langid = {russian},
    keywords = {other},
}

@inproceedings{bashir2006,
    booktitle = {Proceedings of the LFG06 Conference, Workshop on South Asian Languages},
    publisher = {Konstanz Universitat},
    year = {2006},
    author = {Bashir, Elena},
    title = {Evidentiality in South Asian languages},
    langid = {english},
    keywords = {other},
}

@incollection{windfuhr2009,
    booktitle = {{The Iranian Languages}},
    editor = {Windfuhr, Gernot},
    pages = {5–42},
    address = {Oxon},
    publisher = {Routledge},
    year = {2009},
    author = {Windfuhr, Gernot},
    title = {Dialectology and Topics},
    langid = {english},
    keywords = {other},
}

@incollection{korn2016_dialectology,
    booktitle = {The Languages and Linguistics of South Asia: A Comprehensive Guide},
    editor = {Henrich Hock, Hans and Bashir, Elena},
    series = {The World of Linguistics},
    number = {7},
    pages = {51–66},
    address = {Berlin, Boston},
    publisher = {De Gruyter},
    year = {2016},
    author = {Korn, Agnes},
    title = {Dialectology and Topics},
    langid = {english},
    keywords = {other},
}

@incollection{subbarao2016,
    booktitle = {The Languages and Linguistics of South Asia: A Comprehensive Guide},
    editor = {Henrich Hock, Hans and Bashir, Elena},
    series = {The World of Linguistics},
    number = {7},
    pages = {459–465},
    address = {Berlin, Boston},
    publisher = {De Gruyter},
    year = {2016},
    author = {Subbarao, Krishna~V.},
    title = {Object Marking},
    langid = {english},
    keywords = {other},
}

@incollection{silverstein1976,
    title = {Hierarchy of Features and Ergativity},
    booktitle = {Grammatical Categories in Australian Languages},
    author = {Silverstein, Michael},
    editor = {Dixon, Robert~M.~W.},
    year = {1976},
    pages = {112–171},
    langid = {english},
    keywords = {other},
}

@incollection{sai2018,
    booktitle = {Валентностные классы двухместных предикатов в разноструктурных языках},
    editor = {Сай, Сергей},
    pages = {557–616},
    address = {СПб.},
    publisher = {ИЛИ РАН},
    year = {2018},
    author = {Сай, Сергей},
    title = {Маркирование актантов двухместных предикатов: Предварительные итоги типологического исследования},
    langid = {russian},
    keywords = {other},
}

@book{bossong1985,
    title = {Empirische Universalienforschung: Differentielle Objektmarkierung in den neuiranischen Sprachen},
    publisher = {Narr},
    address = {Tübingen},
    author = {Bossong, Georg},
    year = {1985},
    langid = {english},
    keywords = {other},
}

