@book{muk1938,
    address = {Stolinobod},
    publisher = {Naşrijoti dawlatiji Toçikiston},
    year = {1938},
    author = {Gauff, W.},
    title = {Зulikik muk},
    langid = {russian},
    keywords = {pamir},
}

@book{zaboni1933,
    address = {Stolinobod},
    publisher = {Naşrijoti dawlatiji Toçikiston},
    year = {1933},
    author = {Iskandarov, B. and S. Amdinov},
    title = {Zaвoni modari kitoв},
    langid = {russian},
    keywords = {pamir},
}

@book{karamshoev_alamshoev1996,
    address = {Душанбе},
    publisher = {Маориф},
    year = {1996},
    author = {Карамшоев, Додхудо and Мукбилшо Аламшоев},
    title = {Хуг̌ну̊нӣ зив̌ алифбо. Алифбои шуғнонӣ дар қиёси тоҷикӣ. Китоби дарсӣ},
    langid = {russian},
    keywords = {pamir},
}

@book{alamsho_karamsho2000,
    address = {Хоруғ},
    publisher = {Помир},
    year = {2000},
    author = {Аламшо, Мукбилшо and Додхудо Карамшо},
    title = {Хуг̌ну̊ни зив̌},
    langid = {russian},
    keywords = {pamir},
}

@book{dodixudoev2001,
    isbn = {91-81922-60-7},
    publisher = {Instituti tarǰumā Kitobi Muqadas},
    year = {2001},
    author = {Dodixudoev, Raxim},
    title = {Luqo Inǰīl},
    langid = {english},
    keywords = {pamir},
}

@book{alamshoev2014,
    address = {Душанбе},
    year = {2014},
    author = {Аламшоев, Мукбилшо},
    title = {Дастури таълимии забони шуғнонӣ},
    langid = {russian},
    keywords = {pamir},
}

@book{alinazar2017,
    year = {2017},
    author = {Алиназар, Сафо},
    title = {Нāн зив},
    langid = {russian},
    keywords = {pamir},
}

@book{habib2019,
    editor = {Гулям, Хушом},
    address = {Душанбе},
    year = {2019},
    author = {Хабиб, Лидуш and Исфандиёр Неккадамов},
    title = {Иссохшее дерево в пустыне…},
    langid = {russian},
    keywords = {pamir},
}

@book{khudobakhshov2017,
    address = {Харағ},
    year = {2017},
    author = {Худобахшов, Худобахш},
    title = {Зиндаги аз наw ца су̊д сар},
    langid = {russian},
    keywords = {pamir},
}

@book{gulguncha2012,
    address = {Кӣйев},
    year = {2012},
    editor = {Бахтоваршоев, Алигавхар},
    author = {Шамбэзода’, Ҷамшед},
    title = {Гулғунча’},
    langid = {russian},
    keywords = {pamir},
}

@book{shakarmamadov2005,
    address = {Душанбе},
    publisher = {Империал Групп},
    year = {2005},
    editor = {Шакармамадов, Нисормамад},
    title = {Фолклори Помир. Ҷилди II},
    langid = {russian},
    keywords = {pamir},
}

@book{rizvonshoeva2012,
    address = {Душанбе},
    publisher = {Дониш},
    year = {2012},
    editor = {Ризвоншоева, Гулнисо},
    title = {Фолклори Помир. Ҷилди III},
    langid = {russian},
    keywords = {pamir},
}

@book{rizvonshoeva2015,
    address = {Харағ},
    year = {2015},
    editor = {Ризвоншоева, Гулнисо},
    title = {Х̌итумбуц / Харгӯшак},
    langid = {russian},
    keywords = {pamir},
}

@article{shaw1877,
    journal = {Journal of the Asiatic Society of Bengal},
    pages = {97–126},
    number = {1},
    volume = {46},
    year = {1877},
    author = {Shaw, Robert},
    title = {On the Shighni (Ghalchah) dialect},
    langid = {english},
    keywords = {pamir},
}

@incollection{zaleman1895,
    booktitle = {Восточныя замѣтки},
    pages = {269–320},
    year = {1895},
    author = {Залеман, Карл},
    title = {Шугнанскiй словарь Д. Л. Иванова},
    langid = {russian},
    keywords = {pamir},
}

@article{morgenstierne1928,
    journal = {Norsk Tidskrift for Sprogvidenskap},
    pages = {32–84},
    number = {1},
    year = {1928},
    author = {Morgenstierne, Georg},
    title = {Notes on Shughni},
    langid = {english},
    keywords = {pamir},
}

@book{zarubin1930,
    volume = {6},
    address = {Л.},
    year = {1930},
    author = {Зарубин, Иван},
    title = {Орошорские тексты и словарь},
    langid = {russian},
    keywords = {pamir},
}

@book{zarubin1937,
    address = {М., Л.},
    year = {1937},
    author = {Зарубин, Иван},
    title = {Бартангские и рушанские тексты и словарь},
    langid = {russian},
    keywords = {pamir},
}

@book{sokolova1953,
    volume = {II},
    address = {М., Л.},
    publisher = {Издательство Академии наук СССР},
    year = {1953},
    author = {Соколова, Валентина},
    title = {Очерки по фонетике иранских языков},
    langid = {russian},
    keywords = {pamir},
}

@book{zarubin1960,
    address = {М., Л.},
    publisher = {Издательство Академии наук СССР},
    year = {1960},
    author = {Зарубин, Иван},
    title = {Шугнанские тексты и словарь},
    langid = {russian},
    keywords = {pamir},
}

@book{karamshoev1963,
    address = {Душанбе},
    publisher = {Академия наук Таджикской ССР},
    year = {1963},
    author = {Карамшоев, Додхудо},
    title = {Баджувский диалект шугнанского языка},
    langid = {russian},
    keywords = {pamir},
}

@article{monogarova1965,
    journal = {Советская этнография},
    pages = {23–33},
    number = {6},
    year = {1965},
    author = {Моногарова, Лидия},
    title = {Современные этнические процессы на Западном Памире},
    langid = {russian},
    keywords = {pamir},
}

@book{fayzov1966,
    address = {Душанбе},
    year = {1966},
    author = {Файзов, Махрам},
    title = {Язык рушанцев Советского Памира},
    langid = {russian},
    keywords = {pamir},
}

@book{edelman1966_book,
    editor = {Абаев, Василий},
    address = {М.},
    publisher = {Наука},
    year = {1966},
    author = {Эдельман, Джой},
    title = {Язгулямский язык},
    langid = {russian},
    keywords = {pamir},
}

@book{sokolova1967,
    address = {Л.},
    publisher = {Наука},
    year = {1967},
    author = {Соколова, Валентина},
    title = {Генетические отношения язгулямского языка и шугнанской языковой группы},
    langid = {russian},
    keywords = {pamir},
}

@book{pakhalina1969_pamir,
    series = {Языки народов Азии и Африки},
    address = {М.},
    publisher = {Наука},
    year = {1969},
    author = {Пахалина, Татьяна},
    title = {Памирские языки},
    langid = {russian},
    keywords = {pamir},
}

@book{pakhalina1969_sarikoli,
    volume = {1},
    address = {М.},
    publisher = {Наука},
    year = {1969},
    author = {Пахалина, Татьяна},
    title = {Сарыкольский язык},
    langid = {russian},
    keywords = {pamir},
}

@book{edelman1971,
    address = {М.},
    year = {1971},
    author = {Эдельман, Джой},
    title = {Язгулямско-русский словарь},
    langid = {russian},
    keywords = {pamir},
}

@book{pakhalina1971,
    volume = {2},
    address = {М.},
    publisher = {Наука},
    year = {1971},
    author = {Пахалина, Татьяна},
    title = {Сарыкольский язык},
    langid = {russian},
    keywords = {pamir},
}

@book{rozenfeld1971,
    address = {Л.},
    publisher = {Издательство Ленинградского университета},
    year = {1971},
    author = {Розенфельд, Анна},
    title = {Бадахшанские говоры таджикского языка},
    langid = {russian},
    keywords = {pamir},
}

@incollection{karamshoev1972_loanwords,
    booktitle = {Забонҳои помирӣ ва фольклор},
    volume = {1},
    address = {Душанбе},
    year = {1972},
    author = {Карамшоев, Додхудо},
    title = {О специфике заимствованных слов в памирских языках (на материале шугнанского языка)},
    langid = {russian},
    keywords = {pamir},
}

@book{karamkhudoev1973,
    address = {Душанбе},
    publisher = {Дониш},
    year = {1973},
    author = {Карамхудоев, Нодир},
    title = {Бартангский язык: Фонетика и морфология},
    langid = {russian},
    keywords = {pamir},
}

@book{sokolova1973,
    address = {Л.},
    publisher = {Наука},
    year = {1973},
    author = {Соколова, Валентина},
    title = {Генетические отношения мунджанского языка и шугнано-язгулямской языковой группы},
    langid = {russian},
    keywords = {pamir},
}

@incollection{pakhalina1975,
    booktitle = {Страны и народы Востока. Памир},
    editor = {Ольдерогге, Дмитрий},
    series = {Страны и народы Востока},
    pages = {222–250},
    address = {М.},
    publisher = {Наука},
    year = {1975},
    author = {Пахалина, Татьяна},
    title = {Сравнительный обзор памирских языков},
    langid = {russian},
    keywords = {pamir},
}

@incollection{edelman1975_geography,
    booktitle = {Страны и народы Востока. Памир},
    editor = {Ольдерогге, Дмитрий},
    series = {Страны и народы Востока},
    pages = {41–62},
    address = {М.},
    publisher = {Наука},
    year = {1975},
    author = {Эдельман, Джой},
    title = {Географические названия Памира},
    langid = {russian},
    keywords = {pamir},
}

@incollection{edelman1975_tense,
    title = {Категории времени и вида},
    volume = {2},
    booktitle = {Опыт историко-типологического исследования иранских языков: Эволюция грамматических категорий},
    publisher = {Наука},
    author = {Эдельман, Джой},
    editor = {Расторгуева, Вера},
    year = {1975},
    pages = {337--411},
    langid = {russian},
    keywords = {pamir},
}

@incollection{monogarova1975,
    booktitle = {Страны и народы Востока. Памир},
    editor = {Ольдерогге, Дмитрий},
    series = {Страны и народы Востока},
    pages = {174–191},
    address = {М.},
    publisher = {Наука},
    year = {1975},
    author = {Моногарова, Лидия},
    title = {Этнический состав и этнические процессы в Горно-Бадахшанской автономной области Таджикской ССР},
    langid = {russian},
    keywords = {pamir},
}

@incollection{rozenfeld1975,
    booktitle = {Страны и народы Востока. Памир},
    editor = {Ольдерогге, Дмитрий},
    series = {Страны и народы Востока},
    pages = {210–221},
    address = {М.},
    publisher = {Наука},
    year = {1975},
    author = {Розенфельд, Анна},
    title = {Материалы по языку и этнографии припамирских таджиков},
    langid = {russian},
    keywords = {pamir},
}

@incollection{dyakov1975,
    booktitle = {Страны и народы Востока. Памир},
    editor = {Ольдерогге, Дмитрий},
    series = {Страны и народы Востока},
    pages = {169–173},
    address = {М.},
    publisher = {Наука},
    year = {1975},
    author = {Дьяков, Алексей},
    title = {Краткая характеристика этнического состава населения Горно-Бадахшанской автономной области в первой четверти XX века},
    langid = {russian},
    keywords = {pamir},
}

@book{rastorgueva1975,
    volume = {2},
    publisher = {Наука},
    year = {1975},
    author = {Расторгуева, Вера},
    title = {Опыт историко-типологического исследования иранских языков. Том II. Эволюция грамматических категорий},
    shorttitle = {Опыт историко-типологического исследования иранских языков},
    langid = {russian},
    keywords = {pamir},
}

@book{strany_narody1975,
    editor = {Ольдерогге, Дмитрий},
    series = {Страны и народы Востока},
    address = {М.},
    publisher = {Наука},
    year = {1975},
    title = {Страны и народы Востока. Памир},
    langid = {russian},
    keywords = {pamir},
}

@book{griunberg_steblin1976,
    series = {Языки восточного Гиндукуша},
    address = {М.},
    publisher = {Наука},
    year = {1976},
    author = {Грюнберг, Александр and Стеблин-Каменский, Иван},
    title = {Ваханский язык. Тексты, словарь и грамматический очерк},
    shorttitle = {Ваханский язык},
    langid = {russian},
    keywords = {pamir},
}

@book{kurbanov1976,
    address = {Душанбе},
    year = {1976},
    author = {Курбанов, Х.},
    title = {Рошорвский язык},
    langid = {russian},
    keywords = {pamir},
}

@book{karamshoev1978,
    address = {Душанбе},
    publisher = {Дониш},
    year = {1978},
    author = {Карамшоев, Додхудо},
    title = {Категория рода в памирских языках (шугнано-рушанская группа)},
    langid = {russian},
    keywords = {pamir},
}

@book{bakhtibekov1979,
    address = {Душанбе},
    publisher = {Дониш},
    year = {1979},
    author = {Бахтибеков, Тӯпчӣ},
    title = {Грамматикаи забони шуғнонӣ},
    langid = {russian},
    keywords = {pamir},
}

@article{karamshoev1979,
    journal = {Вопросы языкознания},
    pages = {92–102},
    number = {5},
    year = {1979},
    author = {Карамшоев, Додхудо},
    title = {Проблемы категории рода в памирских языках},
    langid = {russian},
    keywords = {pamir},
}

@article{payne1980,
    journal = {Lingua},
    issn = {0024-3841},
    doi = {10.1016/0024-3841(80)90005-4},
    pages = {147–186},
    number = {2},
    volume = {51},
    year = {1980},
    author = {Payne, John},
    title = {The decay of ergativity in Pamir languages},
    langid = {english},
    keywords = {pamir},
}

@incollection{edelman1987,
    booktitle = {Новоиранские языки: Восточная группа},
    editor = {Расторгуева, Вера},
    series = {Основы иранского языкознания},
    address = {М.},
    year = {1987},
    author = {Эдельман, Джой},
    title = {Шугнано-рушанская языковая группа},
    langid = {russian},
    keywords = {pamir},
}

@book{dodykhudoeva1988,
    address = {Душанбе},
    publisher = {Дониш},
    year = {1988},
    author = {Додыхудоева, Лейли},
    title = {Шугнанский глагол в историческом освещении},
    langid = {russian},
    keywords = {pamir},
}

@book{mirzouddinova1988,
    address = {Душанбе},
    year = {1988},
    author = {Мирзоуддинова, С.},
    title = {Шеваи Хуфи забони рӯшонӣ},
    langid = {russian},
    keywords = {pamir},
}

@book{karamshoev1988,
    volume = {1},
    address = {М.},
    publisher = {Наука},
    year = {1988},
    author = {Карамшоев, Додхудо},
    title = {Шугнанско-русский словарь в трёх томах. А—З},
    langid = {russian},
    keywords = {pamir},
}

@book{pakhalina1989,
    isbn = {5-02-010936-3},
    address = {М.},
    publisher = {Наука},
    year = {1989},
    author = {Пахалина, Татьяна},
    title = {Сравнительно-историческая морфология памирских языков},
    langid = {russian},
    keywords = {pamir},
}

@incollection{edelman1990_les,
    booktitle = {Лингвистический энциклопедический словарь},
    series = {Советская Энциклопедия},
    address = {М.},
    publisher = {Советская Энциклопедия},
    year = {1990},
    author = {Эдельман, Джой},
    title = {Памирские языки},
    langid = {russian},
    keywords = {pamir},
}

@book{karamshoev1991,
    isbn = {5-02-016991-9},
    volume = {2},
    address = {М.},
    publisher = {Наука},
    year = {1991},
    author = {Карамшоев, Додхудо},
    title = {Шугнанско-русский словарь в трёх томах. И—С},
    langid = {russian},
    keywords = {pamir},
}

@book{karamshoev1999,
    isbn = {5-02-017858-6},
    volume = {3},
    address = {М.},
    publisher = {«Восточная литература» РАН},
    year = {1999},
    author = {Карамшоев, Додхудо},
    title = {Шугнанско-русский словарь в трёх томах. Т—Ҷ},
    langid = {russian},
    keywords = {pamir},
}

@book{karamshoev1992_alifbo,
    address = {Хоруғ},
    year = {1992},
    author = {Карамшоев, Додхудо},
    title = {Алифбои фаврии забонҳои помирӣ бо намунаҳои адабӣ},
    langid = {russian},
    keywords = {pamir},
}

@book{alamshoev1994,
    address = {Душанбе},
    publisher = {Помир},
    year = {1994},
    author = {Аламшоев, Мукбилшо},
    title = {Система местоимений шугнанского языка (в сравнении с другими языками шугнано-рушанской группы памирских языков)},
    shorttitle = {Система местоимений шугнанского языка},
    langid = {russian},
    keywords = {pamir},
}

@book{yusufbekov1998,
    isbn = {978-5-89285-011-7},
    publisher = {Азбуковник},
    year = {1998},
    address = {М.},
    author = {Юсуфбеков, Шодихон},
    title = {Дейктичность в языках шугнано-рушанской группы: семантико-прагматические аспекты},
    shorttitle = {Дейктичность в языках шугнано-рушанской группы},
    langid = {russian},
    keywords = {pamir},
}

@incollection{belikov1972,
    booktitle = {Забонҳои помирӣ ва фольклор. Памирские языки и фольклор I},
    pages = {74–77},
    address = {Душанбе},
    publisher = {Дониш},
    year = {1972},
    author = {Беликов, Владимир},
    title = {К употреблению указательных местоимений в шугнанском языке},
    langid = {russian},
    keywords = {pamir},
}

@incollection{dodykhudoeva1999,
    booktitle = {Иранские языки. III. Восточноиранские языки},
    isbn = {5-85759-107-4},
    editor = {Рогова, Наталья},
    series = {Языки мира},
    pages = {170–173},
    address = {М.},
    publisher = {Индрик},
    year = {1999},
    author = {Додыхудоева, Лейли},
    title = {Шугнано-рушанская группа},
    langid = {russian},
    keywords = {pamir},
}

@incollection{pakhalina_lashkarbekov1999,
    booktitle = {Иранские языки. III. Восточноиранские языки},
    isbn = {5-85759-107-4},
    editor = {Рогова, Наталья},
    series = {Языки мира},
    pages = {174–185},
    address = {М.},
    publisher = {Индрик},
    year = {1999},
    author = {Пахалина, Татьяна and Лашкарбеков, Богшо},
    title = {Ваханский язык},
    langid = {russian},
    keywords = {pamir},
}

@incollection{edelman1999_yazgulami,
    booktitle = {Иранские языки. III. Восточноиранские языки},
    isbn = {5-85759-107-4},
    editor = {Рогова, Наталья},
    series = {Языки мира},
    pages = {274–289},
    address = {М.},
    publisher = {Индрик},
    year = {1999},
    author = {Эдельман, Джой},
    title = {Язгулямский язык},
    langid = {russian},
    keywords = {pamir},
}

@incollection{edelman1999_shugrush,
    booktitle = {Иранские языки. III. Восточноиранские языки},
    isbn = {5-85759-107-4},
    editor = {Рогова, Наталья},
    series = {Языки мира},
    pages = {208–224},
    address = {М.},
    publisher = {Индрик},
    year = {1999},
    author = {Эдельман, Джой},
    title = {Шугнано-рушанская группа},
    langid = {russian},
    keywords = {pamir},
}

@incollection{edelman_yusufbekov1999_shughni,
    booktitle = {Иранские языки. III. Восточноиранские языки},
    isbn = {5-85759-107-4},
    editor = {Рогова, Наталья},
    series = {Языки мира},
    pages = {225–241},
    address = {М.},
    publisher = {Индрик},
    year = {1999},
    author = {Эдельман, Джой and Юсуфбеков, Шодихон},
    title = {Шугнанский язык},
    langid = {russian},
    keywords = {pamir},
}

@incollection{edelman_yusufbekov1999_rushani,
    booktitle = {Иранские языки. III. Восточноиранские языки},
    isbn = {5-85759-107-4},
    editor = {Рогова, Наталья},
    series = {Языки мира},
    pages = {242–253},
    address = {М.},
    publisher = {Индрик},
    year = {1999},
    author = {Эдельман, Джой and Юсуфбеков, Шодихон},
    title = {Рушанский язык},
    langid = {russian},
    keywords = {pamir},
}

@incollection{edelman_yusufbekov1999_khufi,
    booktitle = {Иранские языки. III. Восточноиранские языки},
    isbn = {5-85759-107-4},
    editor = {Рогова, Наталья},
    series = {Языки мира},
    pages = {254–258},
    address = {М.},
    publisher = {Индрик},
    year = {1999},
    author = {Эдельман, Джой and Юсуфбеков, Шодихон},
    title = {Хуфский язык},
    langid = {russian},
    keywords = {pamir},
}

@incollection{edelman_yusufbekov1999_bartangi,
    booktitle = {Иранские языки. III. Восточноиранские языки},
    isbn = {5-85759-107-4},
    editor = {Рогова, Наталья},
    series = {Языки мира},
    pages = {254–258},
    address = {М.},
    publisher = {Индрик},
    year = {1999},
    author = {Эдельман, Джой and Юсуфбеков, Шодихон},
    title = {Бартангский язык},
    langid = {russian},
    keywords = {pamir},
}

@incollection{edelman_yusufbekov1999_roshorvi,
    booktitle = {Иранские языки. III. Восточноиранские языки},
    isbn = {5-85759-107-4},
    editor = {Рогова, Наталья},
    series = {Языки мира},
    pages = {264–268},
    address = {М.},
    publisher = {Индрик},
    year = {1999},
    author = {Эдельман, Джой and Юсуфбеков, Шодихон},
    title = {Рошорвский язык},
    langid = {russian},
    keywords = {pamir},
}

@incollection{edelman_yusufbekov1999_sarikoli,
    booktitle = {Иранские языки. III. Восточноиранские языки},
    isbn = {5-85759-107-4},
    editor = {Рогова, Наталья},
    series = {Языки мира},
    pages = {269–273},
    address = {М.},
    publisher = {Индрик},
    year = {1999},
    author = {Эдельман, Джой and Юсуфбеков, Шодихон},
    title = {Сарыкольский язык},
    langid = {russian},
    keywords = {pamir},
}

@book{iranian_languages1999,
    isbn = {5-85759-107-4},
    editor = {Рогова, Наталья},
    series = {Языки мира},
    address = {М.},
    publisher = {Индрик},
    year = {1999},
    title = {Иранские языки. III. Восточноиранские языки},
    langid = {russian},
    keywords = {pamir},
}

@inproceedings{dodykhudoev2002,
    booktitle = {World Congress on Language Policies},
    address = {Barcelona},
    year = {2002},
    author = {Dodykhudoeva, Leyli},
    title = {The socio-linguistic situation and language policy of the Autonomous Region of Mountainous Badakhshan: The case of the Tajik language},
    langid = {english},
    keywords = {pamir},
}

@book{kalandarov2004,
    address = {М.},
    publisher = {Институт этнографии и антропологии РАН},
    year = {2004},
    author = {Каландаров, Тохир},
    title = {Шугнанцы (историко-этнографическое исследование)},
    shorttitle = {Шугнанцы},
    langid = {russian},
    keywords = {pamir},
}

@book{karamshoev2005,
    isbn = {5-89870-082-X},
    address = {Душанбе},
    publisher = {Главная научная редакция Таджикской национальной энциклопедии},
    year = {2005},
    author = {Карамшоев, Додхудо},
    title = {Русско-шугнанский словарь},
    langid = {russian},
}
@article{steblin_kamenskiy2007,
    journal = {Acta Linguistica Petropolitana},
    issn = {2306-5737},
    pages = {393–405},
    number = {3},
    volume = {III},
    year = {2007},
    author = {Стеблин-Каменский, Иван},
    title = {Памяти выдающегося памироведа. Додхудо Карамшоев (5 мая 1932–3 января 2007)},
    langid = {russian},
    keywords = {pamir},
}

@inproceedings{dodykhudoeva2007,
    booktitle = {Proceedings of Conference on Language Documentation and Linguistic Theory: 75 Years of Linguistics at SOAS, 5 Years of the Endangered Languages Project},
    pages = {69–79},
    year = {2007},
    author = {Dodykhudoeva, Leyli},
    title = {Revitalization of minority languages: Comparative dictionary of key cultural terms in the languages and dialects of the Shughni-Rushani group of the Pamir languages},
    shorttitle = {Revitalization of minority languages},
    langid = {english},
    keywords = {pamir},
}

@inproceedings{stump_hippisley2008,
    booktitle = {Southeast Seminar on Morphology, University of Surrey},
    year = {2008},
    author = {Stump, Gregory and Hippisley, Andrew R.},
    title = {Periphrasis in Shughni verb inflection},
    langid = {english},
    keywords = {pamir},
}

@thesis{barie2009,
    address = {Lexington},
    school = {University of Kentucky},
    year = {2009},
    author = {Barie, Amanda Elizabeth},
    title = {Exploring cleft sentences and other aspects of Shughni syntax},
    note = {MA~thesis},
    langid = {english},
    keywords = {pamir},
}

@incollection{bashir2009,
    booktitle = {{The Iranian Languages}},
    isbn = {978-0-7007-1131-4},
    editor = {Windfuhr, Gernot},
    pages = {825–858},
    address = {Oxon},
    publisher = {Routledge},
    year = {2009},
    author = {Bashir, Elena},
    title = {Wakhi},
    langid = {english},
    keywords = {pamir},
}

@incollection{edelman_dodykhudoeva2009_shughni,
    booktitle = {{The Iranian Languages}},
    isbn = {978-0-7007-1131-4},
    editor = {Windfuhr, Gernot},
    pages = {787–824},
    address = {Oxon},
    publisher = {Routledge},
    year = {2009},
    author = {Edelman, Joy and Dodykhudoeva, Leyli},
    title = {Shughni},
    langid = {english},
    keywords = {pamir},
}

@incollection{edelman_dodykhudoeva2009_pamir,
    booktitle = {{The Iranian Languages}},
    isbn = {978-0-7007-1131-4},
    editor = {Windfuhr, Gernot},
    pages = {773–786},
    address = {Oxon},
    publisher = {Routledge},
    year = {2009},
    author = {Edelman, Joy and Dodykhudoeva, Leyli},
    title = {The Pamir languages},
    langid = {english},
    keywords = {pamir},
}

@document{muller_etal2009,
    year = {2009},
    author = {Müller, Katja and Abbess, Elizabeth and Paul, Daniel and Tiessen, Calvin and Tiessen, Gabriela},
    title = {Language in Community-Oriented and Contact-Oriented Domains: The Case of the Shughni of Tajikistan},
    publisher = {SIL International},
    langid = {english},
    keywords = {pamir},
}

@article{wendtland2009,
    journal = {Orientalia Suecana},
    issn = {2001-7324},
    pages = {172–188},
    number = {58},
    year = {2009},
    author = {Wendtland, Antje},
    title = {The Position of the Pamir Languages within East Iranian},
    langid = {english},
    keywords = {pamir},
}

@article{kalandarov2018,
    journal = {Этнографическое обозрение},
    pages = {162–178},
    number = {5},
    year = {2018},
    author = {Каландаров, Тохир},
    title = {Памирские народы, их языки и перепись: этнический дискурс},
    langid = {russian},
    keywords = {pamir},
}

@incollection{kalandarov2006,
    booktitle = {Расы и народы},
    volume = {32},
    editor = {Абашин, Сергей and Бушков, Валентин},
    address = {М.},
    pages = {180–196},
    publisher = {Наука},
    year = {2006},
    author = {Каландаров, Тохир},
    title = {Исмаилизм на Памире: поиск новых путей и решений},
    langid = {russian},
    keywords = {pamir},
}

@book{windfuhr_ed2009,
    isbn = {978-0-7007-1131-4},
    editor = {Windfuhr, Gernot},
    address = {Oxon},
    publisher = {Routledge},
    year = {2009},
    title = {{The Iranian Languages}},
    langid = {english},
    keywords = {pamir},
}

@incollection{stump_hippisley2011,
    booktitle = {Topics in Iranian Linguistics},
    editor = {Korn, Agnes and Haig, Geoffrey and Karimi, Simin and Samvelian, Pollett},
    pages = {103–115},
    address = {Wiesbaden},
    publisher = {Reichert Verlag},
    year = {2011},
    author = {Stump, Gregory and Hippisley, Andrew R.},
    title = {Valence Sensitivity in Pamirian Past-tense Inflection: A Realizational Analysis},
    langid = {english},
    keywords = {pamir},
}

@inproceedings{vafaeian2012,
    booktitle = {Proceedings of the Doctoral Festival},
    publisher = {Stockholm University},
    year = {2012},
    author = {Vafaeian, Ghazaleh},
    title = {Progressive constructions in Iranian languages},
    langid = {english},
    keywords = {pamir},
}

@inproceedings{kosheleva_etal2017,
    address = {Moscow},
    booktitle = {Seventh International Conference on Iranian Linguistics (ICIL 7)},
    publisher = {Lomonosov Moscow State University},
    year = {2017},
    author = {Kosheleva, D. and Mozhaev, E. and Murzinova, E. and Sarkisov, I. and Vostokova, E. and Zakirova, A.},
    title = {Towards the documentation of Shughni language: building online dictionary and corpus},
    langid = {english},
    keywords = {hse},
}

@article{alekseev2014,
    journal = {Родной язык},
    issn = {2313-5816},
    pages = {35–45},
    number = {1},
    volume = {2},
    year = {2014},
    author = {Алексеев, Михаил},
    title = {Именные словосочетания в шугнанском языке},
    langid = {russian},
    keywords = {pamir},
}

@incollection{dodykhudoeva2014_shift,
    booktitle = {Языковая политика и языковые конфликты в современном мире},
    isbn = {978-5-98421-251-9},
    pages = {430–437},
    publisher = {Тезаурус},
    year = {2014},
    author = {Додыхудоева, Лейли},
    title = {Памирские языки в условиях языкового сдвига},
    langid = {russian},
    keywords = {pamir},
}

@article{dodykhudoeva2014_dafe,
    journal = {Родной язык},
    issn = {2313-5816},
    pages = {58–75},
    number = {1},
    volume = {2},
    year = {2014},
    author = {Додыхудоева, Лейли},
    title = {Об одном случае сложения термина в шугнанском языке: игра на дафе (К статье М.Е Алексеева «Именные словосочетания в шугнанском языке»)},
    langid = {russian},
    keywords = {pamir},
}

@article{edelman2014,
    journal = {Родной язык},
    issn = {2313-5816},
    pages = {46–57},
    number = {1},
    volume = {2},
    year = {2014},
    author = {Эдельман, Джой},
    title = {Фрагменты исторического синтаксиса шугнанского языка (комментарии к статье М.~Е.~Алексеева «Именные словосочетания в шугнанском языке»)},
    langid = {russian},
    keywords = {pamir},
}

@thesis{muller2015,
    address = {Grand Forks},
    school = {University of North Dakota},
    year = {2015},
    author = {Müller, Katja},
    title = {Deixis in Shughni: Grammatical and Semantic Considerations},
    note = {MA~thesis},
    langid = {english},
    keywords = {pamir},
}

@article{edelman2016,
    journal = {Родной язык},
    issn = {2313-5816},
    pages = {87–113},
    number = {2},
    volume = {5},
    year = {2016},
    author = {Эдельман, Джой},
    title = {Некоторые проблемы миноритарных языков Памира (к становлению письменности и литературы)},
    langid = {russian},
    keywords = {pamir},
}

@article{karamshoev1977,
    journal = {Вопросы языкознания},
    pages = {126–133},
    number = {1},
    address = {М.},
    publisher = {Наука},
    year = {1977},
    author = {Карамшоев, Додхудо},
    title = {Новое в памирской филологии},
    langid = {russian},
    keywords = {pamir},
}

@article{pakhalina1977_umlaut,
    journal = {Вопросы языкознания},
    pages = {89–96},
    number = {4},
    year = {1977},
    author = {Пахалина, Татьяна},
    title = {О роли i-умлаута в истории развития вокализма иранских языков},
    langid = {russian},
    keywords = {pamir},
}

@incollection{bahry2016,
    booktitle = {Language Change in Central Asia},
    editor = {Ahn, Elise S. and Smagulova, Juldyz},
    pages = {125–148},
    address = {Berlin, Boston},
    publisher = {De Gruyter Mouton},
    year = {2016},
    author = {Bahry, Stephen R.},
    title = {Societal Multilingualism and Personal Plurilingualism in Pamir Tajikistan’s Complex Language Ecology},
    langid = {english},
    keywords = {pamir},
}

@thesis{palmer2016,
    address = {Grand Forks},
    school = {University of North Dakota},
    year = {2016},
    author = {Palmer, Timothy Scott},
    title = {Verbal Morphology and Grammatical Aspect in Sarikoli},
    note = {MA~thesis},
    langid = {english},
    keywords = {pamir},
}

@article{abdulkhamidova_yusufbekov2017,
    journal = {Russian Journal of Linguistics},
    issn = {2312-9182},
    pages = {858–869},
    number = {4},
    volume = {21},
    year = {2017},
    author = {Абдулхамидова, Парвина and Юсуфбеков, Шодихон},
    title = {Создание дискурса публичной сферы шугнанского языка в СМИ и социальных сетях},
    langid = {russian},
    keywords = {pamir},
}

@book{obrtelova2017,
    isbn = {978-91-513-0150-1},
    address = {Uppsala},
    publisher = {Acta Universitatis Upsaliensis},
    series = {Studia Iranica Upsaliensia},
    number = {32},
    year = {2017},
    author = {Obrtelová, Jaroslava},
    title = {Narrative Structure of Wakhi Oral Stories},
    langid = {english},
    keywords = {pamir},
}

@document{olson2017,
    year = {2017},
    author = {Olson, Karen},
    title = {Shughni Phonology Statement},
    publisher = {SIL International},
    langid = {english},
    keywords = {pamir},
}

@article{alamshoev2018,
    journal = {Acta Linguistica Petropolitana},
    issn = {2306-5737, 2658-4069},
    number = {1},
    volume = {14},
    year = {2018},
    author = {Аламшоев, Шервоншо},
    title = {Иноязычная фразеология в шугнанском языке},
    langid = {russian},
    keywords = {pamir},
}

@document{sakai2018,
    year = {2018},
    author = {Sakai, Soorgul},
    title = {Shughni Distributive Location Marker -ard / -rad},
    langid = {english},
    keywords = {pamir},
}

@thesis{sarkisov2018,
    address = {Moscow},
    school = {Higher School of Economics},
    year = {2018},
    author = {Sarkisov, Ivan},
    title = {Morphosyntax of the noun phrases in Shughni},
    note = {MA~thesis},
    langid = {english},
    keywords = {hse},
}

@thesis{kim2017,
    address = {Leiden},
    school = {Leiden University},
    year = {2017},
    author = {Kim, Deborah},
    title = {Topics in the syntax of Sarikoli},
    note = {PhD~thesis},
    langid = {english},
    keywords = {pamir},
}

@book{obrtelova2019_text,
    isbn = {978-91-513-0664-3},
    series = {Studia Iranica Upsaliensia},
    number = {35},
    address = {Uppsala},
    publisher = {Acta Universitatis Upsaliensis},
    year = {2019},
    author = {Obrtelová, Jaroslava},
    title = {From Oral to Written: A Text-linguistic Study of Wakhi Narratives},
    langid = {english},
    keywords = {pamir},
}

@incollection{dodykhudoeva2020_ortho,
    booktitle = {Иранское языкознание 2020. Труды международной научной конференции «Чтения памяти Б. Б. Лашкарбекова к 70-летию со дня рождения»},
    isbn = {978-5-89191-092-8},
    editor = {Додыхудоева, Лейли and Лашкарбекова, М.},
    pages = {259–283},
    address = {М.},
    publisher = {Языки Народов Мира},
    year = {2020},
    author = {Додыхудоева, Лейли},
    title = {История формирования письменности на памирских языках: разработка алфавитов},
    langid = {russian},
    keywords = {pamir},
}

@incollection{dodykhudoeva2020_lexical,
    booktitle = {ВАПросы языкознания: Мегасборник наностатей},
    editor = {Семёнова, Ксения and Кибрик, Андрей and Урманчиева, Анна and Сичинава, Дмитрий and Татевосов, Сергей},
    pages = {344–349},
    address = {М.},
    publisher = {Буки-Веди},
    year = {2020},
    author = {Додыхудоева, Лейли},
    title = {К вопросу о лексическом и грамматическом значении в шугнанском языке},
    langid = {russian},
    keywords = {pamir},
}

@document{kalandarov2020_shughni,
    publisher = {Университет Центральной Азии},
    year = {2020},
    author = {Каландаров, Тохир},
    title = {Памирские языки: между прошлым и будущим (на примере шугнанского языка)},
    langid = {russian},
    keywords = {pamir},
}

@incollection{lashkarbekov2020,
    booktitle = {Иранское языкознание 2020. Труды международной научной конференции «Чтения памяти Б. Б. Лашкарбекова к 70-летию со дня рождения»},
    isbn = {978-5-89191-092-8},
    editor = {Додыхудоева, Лейли and Лашкарбекова, М.},
    pages = {298–305},
    address = {М.},
    publisher = {Языки Народов Мира},
    year = {2020},
    author = {Лашкарбеков, Богшо},
    title = {Проект нового алфавита для памирских языков на основе таджикского и английского алфавитов. Материалы семинара «Алифбо»},
    langid = {russian},
    keywords = {pamir},
}

@incollection{lashkarbekova2020,
    booktitle = {Иранское языкознание 2020. Труды международной научной конференции «Чтения памяти Б. Б. Лашкарбекова к 70-летию со дня рождения»},
    isbn = {978-5-89191-092-8},
    editor = {Додыхудоева, Лейли and Лашкарбекова, М.},
    pages = {284–297},
    address = {М.},
    publisher = {Языки Народов Мира},
    year = {2020},
    author = {Лашкарбекова, М.},
    title = {К становлению ваханского алфавита},
    langid = {russian},
    keywords = {pamir},
}

@article{rakhilina_nekushoeva2020,
    journal = {Acta Linguistica Petropolitana},
    issn = {2306-5737, 2658-4069},
    doi = {10.30842/alp2306573716118},
    pages = {579–608},
    volume = {XVI},
    year = {2020},
    author = {Рахилина, Екатерина and Некушоева, Шахло},
    title = {Система глаголов движения вниз в шугнанском языке},
    langid = {russian},
    keywords = {hse},
}

@thesis{sergienko2020,
    address = {М.},
    school = {Высшая школа экономики},
    year = {2020},
    author = {Сергиенко, Александр},
    title = {Неопределённые местоимения в шугнанском языке},
    note = {Курсовая работа бакалавра},
    langid = {russian},
    keywords = {hse},
}

@thesis{chistiakova2019,
    address = {М.},
    school = {Высшая школа экономики},
    year = {2019},
    author = {Чистякова, Дарья},
    title = {Морфологический статус лично-числовых показателей глагола в шугнанском языке},
    note = {Курсовая работа бакалавра},
    langid = {russian},
    keywords = {hse},
}

@incollection{edelman2020_tasks,
    booktitle = {Иранское языкознание 2020. Труды международной научной конференции «Чтения памяти Б. Б. Лашкарбекова к 70-летию со дня рождения»},
    isbn = {978-5-89191-092-8},
    editor = {Додыхудоева, Лейли and Лашкарбекова, М.},
    pages = {325–330},
    address = {М.},
    publisher = {Языки Народов Мира},
    year = {2020},
    author = {Эдельман, Джой},
    title = {О письменности на памирских языках (достижения и задачи)},
    langid = {russian},
    keywords = {pamir},
}

@incollection{nazarova_nazarov2020,
    booktitle = {Иранское языкознание 2020. Труды международной научной конференции «Чтения памяти Б. Б. Лашкарбекова к 70-летию со дня рождения»},
    isbn = {978-5-89191-092-8},
    editor = {Додыхудоева, Лейли and Лашкарбекова, М.},
    pages = {306–317},
    address = {М.},
    publisher = {Языки Народов Мира},
    year = {2020},
    author = {Назарова, З. and Назаров, Н.},
    title = {Букварь ишкашимского языка},
    langid = {russian},
    keywords = {pamir},
}

@article{edelman2020_steps,
    journal = {Родной язык},
    pages = {6–24},
    number = {1},
    year = {2020},
    author = {Эдельман, Джой},
    title = {О развитии письменности и литературы на памирских языках (новые шаги)},
    langid = {russian},
    keywords = {pamir},
}

@article{alamshoev_trifonova2020,
    journal = {ZAS Papers in Linguistics},
    issn = {1435-9588},
    doi = {10.21248/zaspil.64.2020.578},
    pages = {235–239},
    volume = {64},
    year = {2020},
    author = {Alamshoev, Qurbonidin and Trifonova, Aleksandra},
    title = {MAIN in the Tajik and Shughni languages of Tajikistan},
    langid = {english},
    keywords = {pamir},
}

@incollection{iloliev2020,
    booktitle = {Иранское языкознание 2020. Труды международной научной конференции «Чтения памяти Б. Б. Лашкарбекова к 70-летию со дня рождения»},
    isbn = {978-5-89191-092-8},
    editor = {Додыхудоева, Лейли and Лашкарбекова, М.},
    pages = {336–343},
    address = {М.},
    publisher = {Языки Народов Мира},
    year = {2020},
    author = {Iloliev, Abdulmamad},
    title = {Scribal Culture in Late 19th Central Badakhshan: A Case Study of Mubarak-i Wakhani},
    langid = {english},
    keywords = {pamir},
}

@article{parker2020,
    journal = {Glossa: a journal of general linguistics},
    issn = {2397-1835},
    doi = {10.5334/gjgl.799},
    number = {1},
    volume = {5},
    year = {2020},
    author = {Parker, Clinton},
    title = {Vestigial ergativity in Shughni: At the intersection of alignment, clitic doubling, and feature-driven movement},
    shorttitle = {Vestigial ergativity in Shughni},
    langid = {english},
    keywords = {pamir},
}

@book{lashkarbekov_sbornik2020,
    isbn = {978-5-89191-092-8},
    editor = {Додыхудоева, Лейли and Лашкарбекова, М.},
    address = {М.},
    publisher = {Языки Народов Мира},
    year = {2020},
    title = {Иранское языкознание 2020. Труды международной научной конференции «Чтения памяти Б. Б. Лашкарбекова к 70-летию со дня рождения»},
    shorttitle = {Иранское языкознание 2020},
    langid = {russian},
    keywords = {pamir},
}

@article{kalandarov2021,
    journal = {Родной язык},
    issn = {2313-5816},
    pages = {17–29},
    number = {1},
    year = {2021},
    author = {Каландаров, Тохир},
    title = {Первая азбука на шугнанском языке для взрослых и первые стихи молодого поэта Нодира Шамбезода},
    langid = {russian},
    keywords = {pamir},
}

@online{makarov_melenchenko2021,
    url = {https://www.pamiri.online},
    address = {М.},
    publisher = {Школа лингвистики, НИУ Высшая школа экономики},
    year = {2021},
    author = {Макаров, Юрий and Меленченко, Максим},
    title = {Памирские языки},
    langid = {russian},
    keywords = {hse},
}

@incollection{chistiakova_ryzhova2023,
    url = {https://www.bivaltyp.info/languages/descriptions/Shughni.html},
    address = {St. Petersburg},
    publisher = {Institute for Linguistic Studies, RAS},
    year = {2023},
    author = {Chistiakova, Daria and Ryzhova, Daria},
    title = {Bivalent Patterns in Shughni},
    booktitle = {BivalTyp: Typological database of bivalent verbs and their encoding frames},
    langid = {english},
    keywords = {hse},
}

@thesis{melenchenko2021,
    address = {М.},
    school = {Высшая школа экономики},
    year = {2021},
    author = {Меленченко, Максим},
    title = {Автоматический морфологический анализ шугнанского языка},
    note = {Курсовая работа бакалавра},
    langid = {russian},
    keywords = {hse},
}

@thesis{timofeeva2023,
    address = {М.},
    school = {Высшая школа экономики},
    year = {2023},
    author = {Тимофеева, Виктория},
    title = {Субстантивное число в шугнанском языке},
    note = {Курсовая работа бакалавра},
    langid = {russian},
    keywords = {hse},
}

@article{rakhilina_etal2021,
    journal = {Известия Российской академии наук. Серия литературы и языка},
    issn = {1605-7880},
    doi = {10.31857/S241377150017814-8},
    pages = {69–78},
    number = {6},
    volume = {80},
    year = {2021},
    author = {Рахилина, Екатерина and Некушоева, Шахло and Арманд, Елена},
    title = {К истории понятий: лингвистический ракурс. Шугнанское ПРЯТАТЬ},
    langid = {russian},
    keywords = {hse},
}

@article{rakhilina_etal2023,
    title = {Поле ИСКАТЬ: шугнанские данные в свете лексической типологии},
    number = {6},
    journal = {Вопросы языкознания},
    author = {Рахилина, Екатерина and Рыжова, Дарья and Ардабаева, Мадина},
    year = {2023},
    pages = {103–119},
    langid = {russian},
    keywords = {hse},
}

@book{sergienko2021,
    address = {М.},
    publisher = {Высшая школа экономики},
    year = {2021},
    author = {Сергиенко, Александр},
    title = {Русско-шугнанский и англо-шугнанский разговорник},
    langid = {russian},
    keywords = {hse},
}

@thesis{chistiakova2021,
    address = {М.},
    school = {Высшая школа экономики},
    year = {2021},
    author = {Чистякова, Дарья},
    title = {Система энклитик в шугнанском языке},
    note = {Диплом бакалавра},
    langid = {russian},
    keywords = {hse},
}

@article{chistiakova2022_dom,
    title = {Дифференцированное объектное маркирование в шугнанском языке},
    volume = {5},
    number = {2},
    journal = {Типология морфосинтаксических параметров},
    author = {Чистякова, Дарья},
    year = {2022},
    pages = {84–100},
    langid = {russian},
    keywords = {hse},
}

@article{armand_nekushoeva2022,
    journal = {Родной язык},
    issn = {2313-5816},
    pages = {73–108},
    number = {1},
    year = {2022},
    author = {Арманд, Елена and Некушоева, Шахло},
    title = {Глаголы ‘лить(ся)’ и ‘сыпать(ся)’ в шугнанском языке},
    langid = {russian},
    keywords = {hse},
}

@article{badeev2022,
    journal = {Вестник РГГУ},
    issn = {2073-6355},
    doi = {10.28995/2686-7249-2022-5-23-47},
    series = {Литературоведение. Языкознание. Культурология},
    pages = {23–47},
    number = {5},
    year = {2022},
    author = {Бадеев, Артём},
    title = {Вариативность в употреблении указательных местоимений в шугнанском языке},
    langid = {russian},
    keywords = {hse},
}

@thesis{makarov2022_plosives,
    address = {М.},
    school = {Высшая школа экономики},
    year = {2022},
    author = {Макаров, Юрий},
    title = {Реализация взрывных согласных в шугнанском языке},
    note = {Диплом бакалавра},
    langid = {russian},
    keywords = {hse},
}

@incollection{makarov_plungian2023,
    booktitle = {«…Вперёд и вверх по лестнице звучащей». Сборник статей к 80-летию Ольги Фёдоровны Кривновой},
    isbn = {978-5-4465-3764-8},
    editor = {Захаров, Леонид and Кобозева, Ирина and Костюк, Александр and Светозарова, Наталья and Семёнова, Ксения},
    pages = {178–193},
    address = {М.},
    publisher = {Буки Веди},
    year = {2023},
    author = {Макаров, Юрий and Плунгян, Владимир},
    title = {К описанию шугнанской морфонологии: предварительные замечания},
    shorttitle = {К описанию шугнанской морфонологии},
    langid = {russian},
    keywords = {hse},
}

@article{plungian2022,
    journal = {Вестник РГГУ},
    issn = {2073-6355},
    doi = {10.28995/2686-7249-2022-5-11-22},
    series = {Литературоведение. Языкознание. Культурология},
    pages = {11–22},
    number = {5},
    year = {2022},
    author = {Плунгян, Владимир},
    title = {К изучению шугнанского языка: ретроспектива и перспектива},
    shorttitle = {К изучению шугнанского языка},
    langid = {russian},
    keywords = {hse},
}

@article{ronko2022,
    journal = {Вестник РГГУ},
    issn = {2073-6355},
    doi = {10.28995/2686-7249-2022-5-48-66},
    series = {Литературоведение. Языкознание. Культурология},
    pages = {48–66},
    number = {5},
    year = {2022},
    author = {Ронько, Роман},
    title = {Посессивные конструкции с местоимениями в шугнанском языке},
    langid = {russian},
    keywords = {hse},
}

@thesis{sergienko2022,
    address = {М.},
    school = {Высшая школа экономики},
    year = {2022},
    author = {Сергиенко, Александр},
    note = {Курсовая работа магистра},
    title = {Сложные глаголы в шугнанском языке},
    langid = {russian},
    keywords = {hse},
}

@article{chistiakova2022_clitic,
    journal = {Вестник РГГУ. Литературоведение. Языкознание. Культурология},
    issn = {2073-6355},
    doi = {10.28995/2686-7249-2022-5-67-91},
    pages = {67–91},
    number = {5},
    year = {2022},
    author = {Чистякова, Дарья},
    title = {Синтаксические и семантические свойства клитики \textit{i} в шугнанском языке},
    langid = {russian},
    keywords = {hse},
}

@inproceedings{makarov2022_blowing,
    booktitle = {Конференция по типологии и грамматике для молодых исследователей},
    pages = {198–201},
    address = {СПб.},
    publisher = {ИЛИ РАН},
    year = {2022},
    author = {Makarov, Yury},
    title = {{The Answer is Blowin’ in the Wind: What is it in Shughni that contributes to the typology of final laryngeal neutralization?}},
    langid = {russian},
    keywords = {hse},
}

@inproceedings{yakubson2023,
    booktitle = {Двадцатая конференция по типологии и грамматике для молодых исследователей},
    pages = {225–227},
    address = {СПб.},
    publisher = {ИЛИ РАН},
    year = {2023},
    author = {Якубсон, Борис},
    title = {О системе вертикального пространственного дейксиса (категории \textit{elevation}) в шугнанском языке},
    langid = {russian},
    keywords = {hse},
}

@inproceedings{badeev2023_bartangi,
    booktitle = {Двадцатая конференция по типологии и грамматике для молодых исследователей},
    pages = {17–20},
    address = {СПб.},
    publisher = {ИЛИ РАН},
    year = {2023},
    author = {Бадеев, Артём},
    title = {Что не так с родом в бартангском},
    langid = {russian},
    keywords = {hse},
}

@inproceedings{makarov2023_lowering,
    booktitle = {Двадцатая конференция по типологии и грамматике для молодых исследователей},
    pages = {250–253},
    address = {СПб.},
    publisher = {ИЛИ РАН},
    year = {2023},
    author = {Makarov, Yury},
    title = {Vowel lowering in final position and phonological strength: evidence for the sonority-based approach},
    langid = {russian},
    keywords = {hse},
}

@inproceedings{chistiakova2023_wackernagel,
    booktitle = {Восемнадцатая конференция по типологии и грамматике для молодых исследователей},
    pages = {203–206},
    address = {СПб.},
    publisher = {ИЛИ РАН},
    year = {2023},
    author = {Чистякова, Дарья},
    title = {Некоторые особенности ваккернагелевских энклитик в шугнанском языке},
    langid = {russian},
    keywords = {hse},
}

@inproceedings{badeev_sergienko2023,
    booktitle = {Восемнадцатая конференция по типологии и грамматике для молодых исследователей},
    pages = {7–10},
    address = {СПб.},
    publisher = {ИЛИ РАН},
    year = {2023},
    author = {Бадеев, Артём and Сергиенко, Александр},
    title = {Одна серия неопределённых местоимений шугнанского языка},
    langid = {russian},
    keywords = {hse},
}

@inproceedings{butolin2022,
    booktitle = {Никитинские чтения-2022: проблемы современной ориенталистики в фокусе академических исследований},
    address = {М.},
    year = {2023},
    author = {Бутолин, Владимир},
    title = {К описанию стратегий выражения именной множественности в шугнанском языке},
    langid = {russian},
    keywords = {hse},
}

@inproceedings{badeev2022_gender,
    booktitle = {Никитинские чтения-2022: проблемы современной ориенталистики в фокусе академических исследований},
    address = {М.},
    year = {2023},
    author = {Бадеев, Артём},
    title = {Особенности семантического и формального распределения по роду в шугнанском языке},
    langid = {russian},
    keywords = {hse},
}

@inproceedings{padalka_melenchenko2024,
    booktitle = {Первый Евразийский конгресс лингвистов},
    address = {М.},
    year = {2024},
    author = {Падалка, Полина and Меленченко, Максим},
    title = {К описанию семантики клаузальных сочинительных союзов в шугнанском языке},
    langid = {russian},
    keywords = {hse},
}

@inproceedings{sedunova2024,
    booktitle = {Первый Евразийский конгресс лингвистов},
    address = {М.},
    year = {2024},
    author = {Седунова, Софья},
    title = {Предварительные наблюдения над фразовой просодией в шугнанском языке},
    langid = {russian},
    keywords = {hse},
}

@inproceedings{belyaev2024_dom,
    booktitle = {First Eurasian Congress of Linguists},
    address = {Moscow},
    year = {2024},
    author = {Belyaev, Oleg},
    title = {Structural DOM in Bartangi},
    langid = {english},
    keywords = {hse},
}

@inproceedings{belyaev2024_clause,
    booktitle = {First Eurasian Congress of Linguists},
    address = {Moscow},
    year = {2024},
    author = {Belyaev, Oleg},
    title = {Capturing Bartangi clause structure in LFG},
    langid = {english},
    keywords = {hse},
}

@inproceedings{padalka_ryzhova2024,
    booktitle = {Четвёртая международная конференция по полевой лингвистике},
    address = {М.},
    year = {2024},
    author = {Падалка, Полина and Рыжова, Дарья},
    title = {Ответные частицы ‘да’ и ‘нет’ в шугнанском языке},
    langid = {russian},
    keywords = {hse},
}

@inproceedings{chistiakova2025,
    booktitle = {Tenth International Conference on Iranian Linguistics (ICIL 10)},
    address = {Viterbo},
    year = {2025},
    author = {Chistiakova, Daria},
    title = {Split intransitivity in Shughni and Bartangi: A study in lexical microvariation},
    langid = {english},
    keywords = {hse},
}

@inproceedings{badeev2025_gender,
    booktitle = {Tenth International Conference on Iranian Linguistics (ICIL 10)},
    address = {Viterbo},
    year = {2025},
    author = {Badeev, Artyom},
    title = {From gender to specificity in Bartangi},
    langid = {english},
    keywords = {hse},
}

@inproceedings{belyaev2025_subd,
    booktitle = {Tenth International Conference on Iranian Linguistics (ICIL 10)},
    address = {Viterbo},
    year = {2025},
    author = {Belyaev, Oleg},
    title = {Linear positions of subordinators in Bartangi against the background of Eastern and Western Iranian},
    langid = {english},
    keywords = {hse},
}

@inproceedings{sergienko2025_alignment,
    booktitle = {Tenth International Conference on Iranian Linguistics (ICIL 10)},
    address = {Viterbo},
    year = {2025},
    author = {Sergienko, Alexander},
    title = {Alignment shift in Bartangi},
    langid = {english},
    keywords = {hse},
}

@inproceedings{makarov2023_aspiration,
    booktitle = {Proceedings of the 20th International Congress of Phonetic Sciences},
    address = {Prague},
    publisher = {Guarant International},
    year = {2023},
    author = {Makarov, Yury},
    title = {Aspiration length and intensity as potential acoustic cues to [voice] in final position: evidence from Shughni},
    langid = {english},
    keywords = {hse},
}

@inproceedings{makarov2024_essential,
    booktitle = {BAAP},
    address = {Cardiff},
    year = {2024},
    author = {Makarov, Yury},
    title = {Essential in production, useless in perception: final aspiration in Shughni},
    langid = {english},
    keywords = {hse},
}

@inproceedings{badeev2023_hindukush,
    booktitle = {Международная конференция Лингвистический форум 2023. Функционирование языков в труднодоступных регионах: Арктика и другие ареалы. 26–28 октября 2023~г.},
    address = {М.},
    pages = {20–22},
    publisher = {Институт языкознания РАН},
    year = {2023},
    author = {Бадеев, Артём},
    title = {К описанию категории рода в языках памиро-гиндукушского ареала},
    langid = {russian},
    keywords = {hse},
}

@incollection{makarov_etal2022,
    booktitle = {Proceedings of the {EURALI} {Workshop} {LREC2020}},
    editor = {Ojha, Atul~K. AND Ahmadi, Sina AND Liu, Chao-Hong AND McCrae, John~P.},
    pages = {61–64},
    address = {Marseille},
    year = {2022},
    author = {Makarov, Yury AND Melenchenko, Maksim AND Novokshanov, Dmitry},
    title = {{Digital Resources for the Shughni Language}},
    langid = {english},
    keywords = {hse},
}

@thesis{nilsson2022,
    address = {Uppsala},
    school = {Uppsala University},
    year = {2022},
    author = {Nilsson, Alexander},
    title = {{Evidentiality in Tajik}},
    note = {PhD~thesis},
    langid = {english},
    keywords = {pamir},
}

@online{shg_glottolog,
    booktitle = {Glottolog 4.7},
    url = {https://www.glottolog.org/resource/languoid/id/shug1248},
    title = {{Shughni}},
    langid = {english},
    keywords = {pamir},
}

@book{ido_mahmoodi_bakhtiari2023,
    doi = {978-3-11-062279-9},
    series = {The Companions of Iranian Languages and Linguistics [CILL]},
    address = {Berlin, Boston},
    publisher = {De Gruyter Mouton},
    year = {2023},
    author = {Ido, Shinji and Mahmoodi-Bakhtiari, Behrooz},
    title = {{Tajik Linguistics}},
    langid = {english},
    keywords = {pamir},
}

@thesis{lashkarbekov1984,
    address = {М.},
    year = {1984},
    author = {Лашкарбеков, Богшо},
    note = {Дисс. … канд. наук},
    title = {Ваханский глагол в историческом аспекте},
    langid = {russian},
    keywords = {pamir},
}

@inproceedings{edelman1991,
    booktitle = {Славистика. Индоевропеистика. Ностратика. К 60-летию со дня рождения В.~А.~Дыбо. Тезисы докладов},
    editor = {Булатова, Р.~В. and Замятина, Г.~И. and Николаев, С.~Л.},
    pages = {123},
    address = {М.},
    publisher = {Институт славяноведения и балканистики Академии наук СССР},
    year = {1991},
    author = {Эдельман, Джой},
    title = {К истории глагольного ударения в мунджанском и памирских языках},
    langid = {russian},
    keywords = {pamir},
}

@inproceedings{sergienko_kasenov2023,
    booktitle = {North American Conference in Iranian Linguistics 3},
    address = {Los Angeles},
    year = {2023},
    author = {Sergienko, Alexander and Kasenov, Daniyar},
    title = {Shughni complex predicates and denominal verbs},
    langid = {english},
    keywords = {hse},
}

@inproceedings{makarov2023_obstruents,
    booktitle = {North American Conference in Iranian Linguistics 3},
    address = {Los Angeles},
    year = {2023},
    author = {Makarov, Yury},
    title = {Preliminary Palatographic Study of Shughni Obstruents},
    langid = {english},
    keywords = {hse},
}

@inproceedings{makarov2023_uvular,
    booktitle = {Малые языки в большой лингвистике-2023},
    address = {Москва},
    year = {2023},
    author = {Makarov, Yury},
    title = {Uvular stop lenition and Shughni},
    langid = {russian},
    keywords = {hse},
}

@inproceedings{makarov2023_phonotactics,
    booktitle = {Dialogue 2023},
    address = {Moscow},
    year = {2023},
    author = {Makarov, Yury},
    title = {Computational Study of Shughni Phonotactics},
    langid = {english},
    keywords = {hse},
}

@article{beck2013,
    journal = {{Language Documentation \& Conservation}},
    pages = {235–301},
    number = {7},
    year = {2013},
    author = {Beck, Simone},
    title = {A Sociolinguistic Assessment of the Roshani Speech Variety in Afghanistan},
    langid = {english},
    keywords = {pamir},
}

@thesis{arlund2006,
    address = {Arlington},
    title = {An {Acoustic}, {Historical}, {And} {Developmental} {Analysis} {Of} {Sarikol} {Tajik} {Diphthongs}},
    school = {Arlington University},
    author = {Arlund, Pamela},
    year = {2006},
    note = {PhD~thesis},
    langid = {english},
    keywords = {pamir},
}

@thesis{hughes2011,
    address = {Gainesville},
    title = {{Wakhi Agreement Clitics}},
    school = {University of Florida},
    author = {Hughes, Todd R.},
    year = {2011},
    note = {MA~thesis},
    langid = {english},
    keywords = {pamir},
}

@thesis{sangregory2018,
    address = {Dallas},
    title = {{Differential Subject Marking in Wakhi}},
    school = {Dallas International University},
    author = {SanGregory, Erin C.},
    year = {2018},
    note = {MA~thesis},
    langid = {english},
    keywords = {pamir},
}

@incollection{karvovskaya2013,
    title = {‘{Also}’ in {Ishkashimi}: additive particle and sentence connector},
    volume = {17},
    booktitle = {Interdisciplinary {Studies} on {Information} {Structure}},
    author = {Karvovskaya, Lena},
    editor = {Bildhauer, Felix and Grubic, Mira},
    year = {2013},
    pages = {75–97},
    langid = {english},
    keywords = {pamir},
}

@book{pisarchik1954,
    address = {Сталинабад, Ленинград},
    publisher = {Издательство Академии наук СССР},
    year = {1954},
    author = {Писарчик, А.~К.},
    title = {Рушанские тексты},
    langid = {russian},
    keywords = {pamir},
}

@article{alekseev1973,
    journal = {Народы Азии и Африки},
    pages = {131–136},
    volume = {6},
    publisher = {Академия наук СССР},
    year = {1973},
    author = {Алексеев, Михаил Егорович},
    title = {Именные словосочетания в шугнанском языке},
    langid = {russian},
    keywords = {pamir},
}

@inproceedings{steblin_kamenskiy1972,
    booktitle = {Конференция по сравнительно-исторической грамматике индоевропейских языков (12–14 декабря): Предварительные материалы},
    editor = {С. Б. Бернштейн},
    pages = {75–76},
    address = {М.},
    publisher = {Наука},
    year = {1972},
    author = {Стеблин-Каменский, Иван},
    title = {Рефлексы индоевропейского ударения в ваханском},
    langid = {russian},
    keywords = {pamir},
}

@thesis{steblin_kamenskiy1971,
    address = {Л.},
    year = {1971},
    author = {Стеблин-Каменский, Иван},
    note = {Дисс. … канд. наук},
    title = {Историческая фонетика ваханского языка},
    langid = {russian},
    keywords = {pamir},
}

@book{steblin_kamenskiy1999,
    address = {СПб.},
    publisher = {Петербургское востоковедение},
    year = {1999},
    author = {Стеблин-Каменский, Иван},
    title = {Этимологический словарь ваханского языка},
    langid = {russian},
    keywords = {pamir},
}

@article{ivanov_silanteva2019,
    journal = {Мир науки, культуры, образования},
    doi = {10.24411/1991-5497-2019-10224},
    pages = {525–527},
    volume = {6 (79)},
    address = {Горно-Алтайск},
    year = {2019},
    author = {Иванов, Владимир and Силантьева, Любовь},
    title = {Акустико-глоттографический анализ ваханского ударения},
    langid = {russian},
    keywords = {pamir},
}

@article{armand2024,
    journal = {Вопросы языкового родства},
    pages = {43–74},
    volume = {22},
    number = {1–2},
    year = {2024},
    author = {Арманд, Елена},
    title = {Рефлексы древнеиранских превербов в шугнанском языке},
    langid = {russian},
    keywords = {hse},
}

@article{ivanov_silanteva2020_pitch,
    journal = {European Journal of Natural History},
    doi = {10.17513/ejnh.34098},
    pages = {115–119},
    volume = {3},
    address = {Пенза},
    year = {2020},
    author = {Ivanov, Vladimir and Silanteva, Lyubov},
    title = {Pitch and duration as main factors of Wakhi stress},
    langid = {english},
    keywords = {pamir},
}

@inproceedings{ivanov_silanteva2020_quantitative,
    booktitle = {Ломоносовские чтения 2020. Востоковедение и Африканистика: тезисы докладов научной конференции},
    isbn = {978-5-6044331-8-8},
    pages = {166–169},
    address = {М.},
    publisher = {Ключ-С},
    year = {2020},
    author = {Иванов, Владимир and Силантьева, Любовь},
    title = {Квантитативно-тонический компонент ваханского ударения},
    langid = {russian},
    keywords = {pamir},
}

@inproceedings{silanteva2020_analysis,
    booktitle = {Материалы Международного молодежного научного форума Ломоносов-2020},
    isbn = {978-5-317-06417-4},
    address = {М.},
    year = {2020},
    author = {Силантьева, Любовь},
    title = {Анализ основных факторов ваханского ударения},
    langid = {russian},
    keywords = {pamir},
}

@inproceedings{silanteva2020_structure,
    pages = {35–36},
    year = {2020},
    author = {Silanteva, Liubov},
    title = {Multielement Structure of Wakhi Stress in Pamir Region},
    langid = {english},
    keywords = {pamir},
}

@inproceedings{ivanov2020,
    booktitle = {Иранское языкознание 2020. Труды международной научной конференции «Чтения памяти Б. Б. Лашкарбекова к 70-летию со дня рождения»},
    doi = {10.37892/978-5-89191-092-8-2020-0-0-189-203},
    pages = {198–208},
    year = {2020},
    author = {Иванов, Владимир},
    title = {Гласные в речи ваханцев Таджикистана},
    langid = {russian},
    keywords = {pamir},
}

@incollection{karamkhudoev1963Tr,
    booktitle = {Сборник статей по памирским языкам и истории таджикского языка},
    editor = {Хромов, А.~Л.},
    pages = {5–19},
    address = {Душанбе},
    year = {1963},
    author = {Карамхудоев, Нодир},
    title = {Основные особенности переходных и непереходных глаголов бартангского языка},
    langid = {russian},
    keywords = {pamir},
}

@incollection{karamkhudoev1963Part,
    booktitle = {Сборник статей по памирским языкам и истории таджикского языка},
    editor = {Хромов, А.~Л.},
    pages = {20–42},
    address = {Душанбе},
    year = {1963},
    author = {Карамхудоев, Нодир},
    title = {Частицы бартангского языка},
    langid = {russian},
    keywords = {pamir},
}

@incollection{fayzov1963,
    booktitle = {Сборник статей по памирским языкам и истории таджикского языка},
    editor = {Хромов, А.~Л.},
    pages = {42–55},
    address = {Душанбе},
    year = {1963},
    author = {Файзов, Махрам},
    title = {Личные и указательные местоимения в рушанском диалекте},
    langid = {russian},
    keywords = {pamir},
}

@incollection{mirzouddinova1963,
    booktitle = {Сборник статей по памирским языкам и по истории таджикского языка},
    editor = {Хромов, А.~Л.},
    pages = {55–63},
    address = {Душанбе},
    year = {1963},
    author = {Мирзоуддинова, С.},
    title = {Намунаи ҷумлаҳои гуфтугӯии шеваи Рушон},
    langid = {russian},
    keywords = {pamir},
}

@incollection{kurbanov1972voc,
    booktitle = {Забонҳои Помирӣ ва фольклор [Памирские языки и фольклор]},
    pages = {7–23},
    address = {Душанбе},
    publisher = {Дониш},
    year = {1972},
    author = {Курбанов, Х.},
    title = {Система орошорского вокализма (предварительное сообщение)},
    langid = {russian},
    keywords = {pamir},
}

@incollection{karamkhudoev1972Voc,
    booktitle = {Забонҳои Помирӣ ва фольклор [Памирские языки и фольклор]},
    pages = {23–27},
    address = {Душанбе},
    publisher = {Дониш},
    year = {1972},
    author = {Карамхудоев, Нодир},
    title = {Комбинаторные изменения гласных и согласных фонем в бартангском языке},
    langid = {russian},
    keywords = {pamir},
}

@incollection{mirzouddinova1972,
    booktitle = {Забонҳои Помирӣ ва фольклор [Памирские языки и фольклор]},
    pages = {27–34},
    address = {Душанбе},
    publisher = {Дониш},
    year = {1972},
    author = {Мирзоуддинова, С.},
    title = {Хусусиятҳои фонетикии шеваи Хуфи забони Рушонӣ},
    langid = {russian},
    keywords = {pamir},
}

@incollection{makhadov1972,
    booktitle = {Забонҳои Помирӣ ва фольклор [Памирские языки и фольклор]},
    pages = {34–41},
    address = {Душанбе},
    publisher = {Дониш},
    year = {1972},
    author = {Махадов, М.},
    title = {Некоторые особенности консонантизма в припянджских говорах Дарваза},
    langid = {russian},
    keywords = {pamir},
}

@incollection{kurbanov1972Verbs,
    booktitle = {Забонҳои Помирӣ ва фольклор [Памирские языки и фольклор]},
    pages = {47–61},
    address = {Душанбе},
    publisher = {Дониш},
    year = {1972},
    author = {Курбанов, Х.},
    title = {Личные глагольные формы в орошорском языке},
    langid = {russian},
    keywords = {pamir},
}

@incollection{karamshoev1972,
    booktitle = {Забонҳои Помирӣ ва фольклор [Памирские языки и фольклор]},
    pages = {61–64},
    address = {Душанбе},
    publisher = {Дониш},
    year = {1972},
    author = {Карамшоев, Додхудо},
    title = {Грамматический род абстрактных имён в шугнано-рушанской группе},
    langid = {russian},
    keywords = {pamir},
}

@incollection{bakhtibekov1972,
    booktitle = {Забонҳои Помирӣ ва фольклор [Памирские языки и фольклор]},
    pages = {64–69},
    address = {Душанбе},
    publisher = {Дониш},
    year = {1972},
    author = {Бахтибеков, Тупчи},
    title = {“Андар”-и тоҷикӣ ва “андӣр”-и шуғнонӣ},
    langid = {english},
    keywords = {pamir},
}

@incollection{siyoyev1972,
    booktitle = {Забонҳои Помирӣ ва фольклор [Памирские языки и фольклор]},
    pages = {69–74},
    address = {Душанбе},
    publisher = {Дониш},
    year = {1972},
    author = {Сиёев, Б.},
    title = {Андар (масъалаи омоморфемаҳо)},
    langid = {english},
    keywords = {pamir},
}

@incollection{kurbanov1972Neg,
    booktitle = {Забонҳои Помирӣ ва фольклор [Памирские языки и фольклор]},
    pages = {80–82},
    address = {Душанбе},
    publisher = {Дониш},
    year = {1972},
    author = {Курбанов, Х.},
    title = {Особенности приглагольных отрицательных частиц в орошорском языке},
    langid = {russian},
    keywords = {pamir},
}

@incollection{mirzouddinova1975,
    booktitle = {Помиршиносӣ (масъалаҳои филология) [Памироведение (вопросы филологии)]},
    editor = {Хушенова, С.~В. and Қурбонов, Х.},
    pages = {12–19},
    address = {Душанбе},
    publisher = {Дониш},
    year = {1975},
    author = {Мирзоуддинова, С.},
    title = {Доир ба пешояндҳои шеваи Хуф},
    langid = {english},
    keywords = {pamir},
}

@incollection{rakhimov1975,
    booktitle = {Помиршиносӣ (масъалаҳои филология) [Памироведение (вопросы филологии)]},
    editor = {Хушенова, С.~В. and Қурбонов, Х.},
    pages = {45–48},
    address = {Душанбе},
    publisher = {Дониш},
    year = {1975},
    author = {Раҳимов, Исмаил},
    title = {Мувофиқати сараъзоҳои ҷумла дар забони язғуломи},
    langid = {english},
    keywords = {pamir},
}

@incollection{shakarmamadov_kurbanov1975,
    booktitle = {Помиршиносӣ (масъалаҳои филология) [Памироведение (вопросы филологии)]},
    editor = {Хушенова, С.~В. and Қурбонов, Х.},
    pages = {95–110},
    address = {Душанбе},
    publisher = {Дониш},
    year = {1975},
    author = {Шакармамадов, Нисормамад and Курбанов, Х.},
    title = {Забон ва фольклори сокинони Басид ва Бардара},
    langid = {english},
    keywords = {pamir},
}

@incollection{kurbanov1972Part,
    booktitle = {Синхронно-типологичеcкие и историко-типологические исследования (на материале языков различных систем)},
    pages = {270–276},
    address = {М.},
    publisher = {Издательство Академии наук СССР},
    year = {1972},
    author = {Курбанов, Х.},
    title = {Причастия в рошорвском языке (к характеристике шугнано-рушанской группы памирских языков)},
    langid = {russian},
    keywords = {pamir},
}

@book{pomirshinosi1975,
    editor = {Хушенова, С.~В. and Қурбонов, Х.},
    address = {Душанбе},
    publisher = {Дониш},
    year = {1975},
    title = {Помиршиносӣ (масъалаҳои филология) [Памироведение (вопросы филологии)]},
    langid = {russian},
    keywords = {pamir},
}

@book{zabonkhoi_pamir1972,
    address = {Душанбе},
    publisher = {Дониш},
    year = {1972},
    title = {Забонҳои Помирӣ ва фольклор [Памирские языки и фольклор]},
    shorttitle = {Забонҳои Помирӣ ва фольклор},
    langid = {russian},
    keywords = {pamir},
}

@thesis{melenchenko2023_thesis,
    address = {Moscow},
    school = {Higher School of Economics},
    year = {2023},
    author = {Melenchenko, Maksim},
    title = {Perfect in Shughni: semantics and cross-linguistic perspective},
    note = {BA~thesis},
    langid = {english},
    keywords = {hse},
}

@thesis{grebneva2023_thesis,
    address = {М.},
    school = {Высшая школа экономики},
    year = {2023},
    author = {Гребнева, Валерия},
    title = {Футурально-проспективная зона в шугнанском языке},
    note = {Диплом бакалавра},
    langid = {russian},
    keywords = {hse},
}

@article{khudoyorov2011,
    journal = {Исторические, философские, политические и юридические науки, культурология и искусствоведение. Вопросы теории и практики},
    issn = {1997-292X},
    pages = {191–196},
    number = {13},
    volume = {7},
    address = {Тамбов},
    publisher = {Грамота},
    year = {2011},
    author = {Худоёров, Муниршо},
    title = {Проблемы развития и сохранения памирских языков в современном Таджикистане},
    langid = {russian},
    keywords = {pamir},
}

@book{tumanovich1906,
    address = {Ташкентъ},
    publisher = {Типографія Штаба Турк. воен. округа},
    year = {1906},
    author = {Тумановичъ},
    title = {Краткая грамматика и словарь шугнанскаго нарѣчія},
    langid = {russian},
    keywords = {pamir},
}

@book{skoeld1936,
    address = {Lund},
    publisher = {Berlingska boktryckeriet},
    year = {1936},
    author = {Sköld, Hannes},
    title = {Materialien zu den Iranischen Pamirsprachen},
    langid = {german},
    keywords = {pamir},
}

@incollection{edelman2010,
    booktitle = {Перевод Библии как фактор развития и сохранения языков народов России и стран СНГ: проблемы и решения},
    pages = {187–201},
    address = {М.},
    publisher = {Институт перевода Библии},
    year = {2010},
    author = {Эдельман, Джой},
    title = {Опыт перевода Евангелия на бесписьменные памирские языки (на примере язгулямского языка)},
    langid = {russian},
    keywords = {pamir},
}

@thesis{gulomsafdarov2020,
    address = {Душанбе},
    school = {Технологический университет Таджикистана},
    year = {2020},
    author = {Гуломсафдаров, Абдулназар},
    title = {Разработка подсистем автоматической обработки текста шугнанского языка},
    note = {Дисс. … канд. наук},
    langid = {russian},
    keywords = {pamir},
}

@article{kalandarov2020_yesterday,
    journal = {Вестник антропологии},
    doi = {10.33876/2311-0546/2020-50-2/69-94},
    pages = {68–94},
    number = {50},
    volume = {2},
    year = {2020},
    author = {Каландаров, Тохир},
    title = {Из истории памирских языков: будущее начинается вчера},
    langid = {russian},
    keywords = {pamir},
}

@thesis{sergienko2023,
    address = {Moscow},
    school = {Higher School of Economics},
    year = {2023},
    author = {Sergienko, Alexander},
    title = {Oblique subjects in Pamiri languages},
    note = {MA~thesis},
    langid = {english},
    keywords = {hse},
}

@thesis{makarov2023,
    address = {Moscow},
    school = {Higher School of Economics},
    year = {2023},
    author = {Makarov, Yury},
    title = {Shughni consonants},
    note = {BA~thesis},
    langid = {english},
    keywords = {hse},
}

@incollection{bashir2001,
    booktitle = {Tohfa-e-Dil. Festschrift Helmut Nespital},
    editor = {Lönne, Dirk W.},
    pages = {3–17},
    volume = {1},
    address = {Reinbek},
    publisher = {Dr. Inge Wezler Verlag für Orientalistische Fachpublikationen},
    year = {2001},
    author = {Bashir, Elena},
    title = {Khowar-Wakhi Contact Relationships},
    langid = {english},
    keywords = {pamir},
}

@thesis{parker2023,
    address = {Montreal},
    school = {McGill University},
    year = {2023},
    author = {Parker, Clinton},
    title = {A Grammar of the Shughni Language},
    note = {PhD~thesis},
    langid = {english},
    keywords = {pamir},
}

@inproceedings{bahry2005,
    booktitle = {National Development, Education and Language in Central Asia and Beyond},
    editor = {Coleman, Hywel and Gulyamova, Jamilya and Thomas, Andrew},
    pages = {46–63},
    address = {Tashkent},
    publisher = {British Council Uzbekistan},
    year = {2005},
    author = {Bahry, Stephen},
    title = {The potential of bilingual education in the educational development of minority language children in Mountainous Badakhshan, Tajikistan},
    langid = {english},
    keywords = {pamir},
}

@inproceedings{melenchenko2023_alphabet,
    booktitle = {Вопросы изучения лексикографии и создание корпуса памирских языков},
    address = {Хорог},
    year = {2023},
    author = {Меленченко, Максим},
    title = {Стандартизация шугнанского алфавита: теория и практика},
    langid = {russian},
    keywords = {hse},
}

@document{melenchenko2023_unicode,
    year = {2023},
    author = {Меленченко, Максим},
    title = {Юникод-стандарт для шугнанского алфавита},
    url = {https://www.drive.google.com/file/d/1EafEzbr-vX_Y2g6ax41UcUU3RNzY4f0o},
    langid = {russian},
    keywords = {hse},
}

@article{melenchenko2023_evidential,
    journal = {Вопросы языкознания},
    pages = {120–137},
    number = {6},
    year = {2023},
    author = {Меленченко, Максим},
    title = {Эвиденциальный перфект в шугнанском языке},
    langid = {russian},
    keywords = {hse},
}

@article{rakhilina_ryzhova2025,
    journal = {Вопросы языкознания},
    pages = {7–25},
    number = {2},
    year = {2025},
    author = {Рахилина, Екатерина and Рыжова, Дарья},
    title = {О принципах глагольной колексификации},
    langid = {russian},
    keywords = {hse},
}

@book{yazyki_sssr1966,
    address = {М.},
    publisher = {Наука},
    year = {1966},
    title = {Языки народов СССР. Том I. Индоевропейские языки},
    langid = {russian},
    keywords = {pamir},
}

@incollection{sokolova1966_shugrush,
    booktitle = {Языки народов СССР. Том I. Индоевропейские языки},
    pages = {362–397},
    address = {М.},
    publisher = {Наука},
    year = {1966},
    author = {Соколова, Валентина},
    title = {Шугнано-рушанская языковая группа},
    langid = {russian},
    keywords = {pamir},
}

@incollection{pakhalina1966,
    booktitle = {Языки народов СССР. Том I. Индоевропейские языки},
    pages = {398–418},
    address = {М.},
    publisher = {Наука},
    year = {1966},
    author = {Пахалина, Татьяна},
    title = {Ваханский язык},
    langid = {russian},
    keywords = {pamir},
}

@incollection{sokolova1966_ishkashimi,
    booktitle = {Языки народов СССР. Том I. Индоевропейские языки},
    pages = {419–435},
    address = {М.},
    publisher = {Наука},
    year = {1966},
    author = {Соколова, Валентина},
    title = {Ишкашимский язык},
    langid = {russian},
    keywords = {pamir},
}

@incollection{edelman1966,
    booktitle = {Языки народов СССР. Том I. Индоевропейские языки},
    pages = {436–454},
    address = {М.},
    publisher = {Наука},
    year = {1966},
    author = {Эдельман, Джой},
    title = {Язгулямский язык},
    langid = {russian},
    keywords = {pamir},
}

@incollection{obrtelova2019_verbforms,
    booktitle = {Cross-Linguistic Perspectives on the Semantics of Grammatical Aspect},
    doi = {10.1163/9789004401006_010},
    pages = {252–281},
    publisher = {Brill},
    year = {2019},
    author = {Obrtelová, Jaroslava},
    title = {Discourse-Pragmatic Functions of Tense-Aspect Verb Forms in Wakhi},
    langid = {english},
    keywords = {pamir},
}

@book{pakhalina1959,
    address = {М.},
    publisher = {Издательство Академии наук СССР},
    year = {1959},
    author = {Пахалина, Татьяна},
    title = {Ишкашимский язык},
    langid = {russian},
    keywords = {pamir},
}

@book{edelman1986,
    address = {М.},
    publisher = {Наука},
    year = {1986},
    author = {Эдельман, Джой},
    title = {Сравнительная грамматика восточноиранских языков: Фонология},
    langid = {russian},
    keywords = {pamir},
}

@book{edelman1990,
    address = {М.},
    publisher = {Наука},
    year = {1990},
    author = {Эдельман, Джой},
    title = {Сравнительная грамматика восточноиранских языков: Морфология. Элементы синтаксиса},
    langid = {russian},
    keywords = {pamir},
}

@book{edelman2009,
    address = {М.},
    publisher = {Восточная литература},
    year = {2009},
    author = {Эдельман, Джой},
    title = {Сравнительная грамматика восточноиранских языков: Лексика},
    langid = {russian},
    keywords = {pamir},
}

@book{pakhalina1983,
    address = {М.},
    publisher = {Наука},
    year = {1983},
    author = {Пахалина, Татьяна},
    title = {Исследование по сравнительно-исторической фонетике памирских языков},
    langid = {russian},
    keywords = {pamir},
}

@thesis{chistiakova2022_word_order,
    address = {Moscow},
    school = {Higher School of Economics},
    year = {2022},
    author = {Chistiakova, Daria},
    title = {Word order in a simple sentence in Shughni},
    note = {MA~term paper},
    langid = {english},
    keywords = {hse},
}

@book{rastorgueva1964,
    address = {М.},
    publisher = {Наука},
    year = {1964},
    author = {Расторгуева, Вера},
    title = {Опыт сравнительного изучения таджикских говоров},
    langid = {russian},
    keywords = {pamir},
}

@incollection{sokolova1963,
    booktitle = {Иранский сборник: к 75-летию проф. И. И. Зарубина},
    pages = {71–80},
    address = {М.},
    publisher = {Издательство восточной литературы},
    year = {1963},
    author = {Соколова, Валентина},
    title = {К уточнению классификации шугнано-рушанской группы памирских языков},
    langid = {russian},
    keywords = {pamir},
}

@incollection{edelman1963_yazgulami,
    booktitle = {Иранский сборник: к 75-летию проф. И. И. Зарубина},
    pages = {95–120},
    address = {М.},
    publisher = {Издательство восточной литературы},
    year = {1963},
    author = {Эдельман, Джой},
    title = {Глагольная система язгулямского языка},
    langid = {russian},
    keywords = {pamir},
}

@book{edelman1963_transcription,
    address = {М., Л.},
    title = {О единой научной транскрипции для иранских языков},
    publisher = {Институт языкознания Академии наук СССР},
    author = {Эдельман, Джой},
    year = {1963},
    langid = {russian},
    keywords = {pamir},
}

@book{masalahoi1992,
    isbn = {5-8366-0448-8},
    editor = {Карамшоев, Додхудо and Шакармамадов, Нисормамад},
    address = {Душанбе},
    publisher = {Дониш},
    year = {1992},
    title = {Вопросы памирской филологии. Выпуск 4 [Масъалаҳои филологияи Помир. Барориши 4]},
    langid = {russian},
    keywords = {pamir},
}

@incollection{karamshoev1992,
    booktitle = {Вопросы памирской филологии. Выпуск 4},
    editor = {Карамшоев, Додхудо and Шакармамадов, Нисормамад},
    pages = {10–20},
    address = {Душанбе},
    publisher = {Дониш},
    year = {1992},
    author = {Карамшоев, Додхудо},
    title = {Вклад И. И. Зарубина в памироведение},
    langid = {russian},
    keywords = {pamir},
}

@incollection{steblin_kamenskiy1992,
    booktitle = {Вопросы памирской филологии. Выпуск 4},
    editor = {Карамшоев, Додхудо and Шакармамадов, Нисормамад},
    pages = {21–36},
    address = {Душанбе},
    publisher = {Дониш},
    year = {1992},
    author = {Стеблин-Каменский, Иван},
    title = {Первое путешествие И. И. Зарубина на Памир летом 1914 г.},
    langid = {russian},
    keywords = {pamir},
}

@incollection{rozenfeld1992,
    booktitle = {Вопросы памирской филологии. Выпуск 4},
    editor = {Карамшоев, Додхудо and Шакармамадов, Нисормамад},
    pages = {37–41},
    address = {Душанбе},
    publisher = {Дониш},
    year = {1992},
    author = {Розенфельд, Анна},
    title = {И. И. Зарубин — педагог (страницы воспоминаний)},
    langid = {russian},
    keywords = {pamir},
}

@incollection{mirshakar1992,
    booktitle = {Вопросы памирской филологии. Выпуск 4},
    editor = {Карамшоев, Додхудо and Шакармамадов, Нисормамад},
    pages = {62–69},
    address = {Душанбе},
    publisher = {Дониш},
    year = {1992},
    author = {Миршакар, З.},
    title = {Взаимоотношение композиции и суффиксации памирских языков},
    langid = {russian},
    keywords = {pamir},
}

@incollection{shanbezoda1992,
    booktitle = {Вопросы памирской филологии. Выпуск 4},
    editor = {Карамшоев, Додхудо and Шакармамадов, Нисормамад},
    pages = {70–74},
    address = {Душанбе},
    publisher = {Дониш},
    year = {1992},
    author = {Шанбезода, Х.},
    title = {Родовая дифференциация заимствованных слов в шугнанском языке},
    langid = {russian},
    keywords = {pamir},
}

@incollection{ofaridaev1992,
    booktitle = {Вопросы памирской филологии. Выпуск 4},
    editor = {Карамшоев, Додхудо and Шакармамадов, Нисормамад},
    pages = {75–83},
    address = {Душанбе},
    publisher = {Дониш},
    year = {1992},
    author = {Офаридаев, Назри},
    title = {Некоторые топообразующие форманты субстратной (восточноиранской) топонимики Ванджа и Дарваза},
    langid = {russian},
    keywords = {pamir},
}

@incollection{mirzoev1992,
    booktitle = {Вопросы памирской филологии. Выпуск 4},
    editor = {Карамшоев, Додхудо and Шакармамадов, Нисормамад},
    pages = {84–87},
    address = {Душанбе},
    publisher = {Дониш},
    year = {1992},
    author = {Мирзоев, Ш.},
    title = {О влиянии русского языка на шугнанскую лексику},
    langid = {russian},
    keywords = {pamir},
}

@incollection{alamshoev1992_demonstratives,
    booktitle = {Вопросы памирской филологии. Выпуск 4},
    editor = {Карамшоев, Додхудо and Шакармамадов, Нисормамад},
    pages = {88–91},
    address = {Душанбе},
    publisher = {Дониш},
    year = {1992},
    author = {Аламшоев, Мукбилшо},
    title = {Указательные местоимения в шохдаринском говоре шугнанского языка},
    langid = {russian},
    keywords = {pamir},
}

@incollection{alamshoev1992_questions,
    booktitle = {Вопросы памирской филологии. Выпуск 4},
    editor = {Карамшоев, Додхудо and Шакармамадов, Нисормамад},
    pages = {92–93},
    address = {Душанбе},
    publisher = {Дониш},
    year = {1992},
    author = {Аламшоев, Мукбилшо},
    title = {О синтаксических функциях вопросительно-относительных местоимений},
    langid = {russian},
    keywords = {pamir},
}

@incollection{yusufbekov1992_adv_structure,
    booktitle = {Вопросы памирской филологии. Выпуск 4},
    editor = {Карамшоев, Додхудо and Шакармамадов, Нисормамад},
    pages = {94–99},
    address = {Душанбе},
    publisher = {Дониш},
    year = {1992},
    author = {Юсуфбеков, Шодихон},
    title = {О структуре сложных наречных слов в шугнано-рушанской группе памирских языков},
    langid = {russian},
    keywords = {pamir},
}

@incollection{yusufbekov1992_ath,
    booktitle = {Вопросы памирской филологии. Выпуск 4},
    editor = {Карамшоев, Додхудо and Шакармамадов, Нисормамад},
    pages = {100–106},
    address = {Душанбе},
    publisher = {Дониш},
    year = {1992},
    author = {Юсуфбеков, Шодихон},
    title = {О роли показателя -aθ в образовании наречий в шугнанском языке},
    langid = {russian},
    keywords = {pamir},
}

@incollection{karimova1992,
    booktitle = {Вопросы памирской филологии. Выпуск 4},
    editor = {Карамшоев, Додхудо and Шакармамадов, Нисормамад},
    pages = {107–110},
    address = {Душанбе},
    publisher = {Дониш},
    year = {1992},
    author = {Каримова, А.},
    title = {Пополнение рушанского фразеологического фонда на основе русизмов},
    langid = {russian},
    keywords = {pamir},
}

@incollection{nazarova1992,
    booktitle = {Вопросы памирской филологии. Выпуск 4},
    editor = {Карамшоев, Додхудо and Шакармамадов, Нисормамад},
    pages = {111–114},
    address = {Душанбе},
    publisher = {Дониш},
    year = {1992},
    author = {Назарова, З.},
    title = {К вопросу о классификации глаголов в ишкашимском языке},
    langid = {russian},
    keywords = {pamir},
}

@book{kryshimira2005,
    isbn = {5-85803-304-2},
    editor = {Стеблин-Каменский, Иван and Карамшоев, Додхудо and Ниёзов, Сарфароз},
    address = {СПб.},
    publisher = {Петербургское востоковедение},
    year = {2005},
    title = {Языки и этнография «Крыши мира»},
    langid = {russian},
    keywords = {pamir},
}

@incollection{alamshoev2005,
    booktitle = {Языки и этнография «Крыши мира»},
    isbn = {5-85803-304-2},
    editor = {Стеблин-Каменский, Иван and Карамшоев, Додхудо and Ниёзов, Сарфароз},
    pages = {7–10},
    address = {СПб.},
    publisher = {Петербургское востоковедение},
    year = {2005},
    author = {Аламшоев, Мукбилшо},
    title = {Лексико-семантическое образование этнографических слов шугнанского языка (на материале шахдаринского говора)},
    langid = {russian},
    keywords = {pamir},
}

@incollection{asadbekov2005,
    booktitle = {Языки и этнография «Крыши мира»},
    isbn = {5-85803-304-2},
    editor = {Стеблин-Каменский, Иван and Карамшоев, Додхудо and Ниёзов, Сарфароз},
    pages = {11–14},
    address = {СПб.},
    publisher = {Петербургское востоковедение},
    year = {2005},
    author = {Асадбеков, А.},
    title = {Этнолингвистический анализ фразеологизмов категории проклятий на базе терминов ваханского языка},
    langid = {russian},
    keywords = {pamir},
}

@incollection{bulbulshoev2005_westpamir,
    booktitle = {Языки и этнография «Крыши мира»},
    isbn = {5-85803-304-2},
    editor = {Стеблин-Каменский, Иван and Карамшоев, Додхудо and Ниёзов, Сарфароз},
    pages = {15–20},
    address = {СПб.},
    publisher = {Петербургское востоковедение},
    year = {2005},
    author = {Булбулшоев, Умед},
    title = {Антропотопонимия Западного Памира},
    langid = {russian},
    keywords = {pamir},
}

@incollection{bulbulshoev2005_shahdara,
    booktitle = {Языки и этнография «Крыши мира»},
    isbn = {5-85803-304-2},
    editor = {Стеблин-Каменский, Иван and Карамшоев, Додхудо and Ниёзов, Сарфароз},
    pages = {21–29},
    address = {СПб.},
    publisher = {Петербургское востоковедение},
    year = {2005},
    author = {Булбулшоев, Умед},
    title = {Категория рода микротопонимов (на основе материала Шахдаринской микротопонимии)},
    langid = {russian},
    keywords = {pamir},
}

@incollection{dodikhudoeva2005,
    booktitle = {Языки и этнография «Крыши мира»},
    isbn = {5-85803-304-2},
    editor = {Стеблин-Каменский, Иван and Карамшоев, Додхудо and Ниёзов, Сарфароз},
    pages = {30–37},
    address = {СПб.},
    publisher = {Петербургское востоковедение},
    year = {2005},
    author = {Додихудоева, Резагул},
    title = {Из истории письменности шугнанского языка. Вводные замечания},
    langid = {russian},
    keywords = {pamir},
}

@incollection{zoolishoeva2005_clothes,
    booktitle = {Языки и этнография «Крыши мира»},
    isbn = {5-85803-304-2},
    editor = {Стеблин-Каменский, Иван and Карамшоев, Додхудо and Ниёзов, Сарфароз},
    pages = {38–45},
    address = {СПб.},
    publisher = {Петербургское востоковедение},
    year = {2005},
    author = {Зоолишоева, Шамшод},
    title = {Символика цвета в шугнано-рушанской национальной одежде},
    langid = {russian},
    keywords = {pamir},
}

@incollection{zoolishoeva2005_propernames,
    booktitle = {Языки и этнография «Крыши мира»},
    isbn = {5-85803-304-2},
    editor = {Стеблин-Каменский, Иван and Карамшоев, Додхудо and Ниёзов, Сарфароз},
    pages = {46–50},
    address = {СПб.},
    publisher = {Петербургское востоковедение},
    year = {2005},
    author = {Зоолишоева, Шамшод},
    title = {Образование собственных имён на основе цветообозначающих слов в языках шугнано-рушанской группы},
    langid = {russian},
    keywords = {pamir},
}

@incollection{kalandarov2005,
    booktitle = {Языки и этнография «Крыши мира»},
    isbn = {5-85803-304-2},
    editor = {Стеблин-Каменский, Иван and Карамшоев, Додхудо and Ниёзов, Сарфароз},
    pages = {51–64},
    address = {СПб.},
    publisher = {Петербургское востоковедение},
    year = {2005},
    author = {Каландаров, Тохир},
    title = {Этноконфессиональные трансформации на Памире в XX–начале XXI в.},
    langid = {russian},
    keywords = {pamir},
}

@incollection{kambarova2005,
    booktitle = {Языки и этнография «Крыши мира»},
    isbn = {5-85803-304-2},
    editor = {Стеблин-Каменский, Иван and Карамшоев, Додхудо and Ниёзов, Сарфароз},
    pages = {65–72},
    address = {СПб.},
    publisher = {Петербургское востоковедение},
    year = {2005},
    author = {Камбарова, М.},
    title = {Имена в функции субъекта и прямого объекта в рушанском языке},
    langid = {russian},
    keywords = {pamir},
}

@incollection{mirhasan2005,
    booktitle = {Языки и этнография «Крыши мира»},
    isbn = {5-85803-304-2},
    editor = {Стеблин-Каменский, Иван and Карамшоев, Додхудо and Ниёзов, Сарфароз},
    pages = {73–79},
    address = {СПб.},
    publisher = {Петербургское востоковедение},
    year = {2005},
    author = {Мирхасан, Гулхасан},
    title = {Литературная и культурная жизнь народов Бадахшана во второй половине XIX и в начале XX в.},
    langid = {russian},
    keywords = {pamir},
}

@thesis{chistiakova2023,
    address = {Moscow},
    school = {Higher School of Economics},
    year = {2023},
    author = {Chistiakova, Daria},
    title = {Non-Canonical (In)Transitivity in Shughni},
    note = {MA~thesis},
    langid = {english},
    keywords = {hse},
}

@book{rastorgueva_ed1976,
    editor = {Расторгуева, Вера},
    address = {М.},
    publisher = {Наука},
    year = {1976},
    title = {Иранское языкознание: история, этимология, типология (К 75-летию проф. В.~И.~Абаева)},
    langid = {russian},
    keywords = {pamir},
}

@incollection{efimov1976,
    booktitle = {Иранское языкознание: история, этимология, типология (К 75-летию проф. В.~И.~Абаева)},
    editor = {Расторгуева, Вера},
    pages = {23–34},
    address = {М.},
    publisher = {Наука},
    year = {1976},
    author = {Ефимов, Валентин},
    title = {Общие черты эволюции категории рода в иранских языках (на материале существительных и прилагательных)},
    langid = {russian},
    keywords = {pamir},
}

@incollection{pireyko1976,
    booktitle = {Иранское языкознание: история, этимология, типология (К 75-летию проф. В.~И.~Абаева)},
    editor = {Расторгуева, Вера},
    pages = {35–44},
    address = {М.},
    publisher = {Наука},
    year = {1976},
    author = {Пирейко, Лия},
    title = {К истории пассивных форм в иранских языках},
    langid = {russian},
    keywords = {pamir},
}

@incollection{rastorgueva1976,
    booktitle = {Иранское языкознание: история, этимология, типология (К 75-летию проф. В.~И.~Абаева)},
    editor = {Расторгуева, Вера},
    pages = {45–53},
    address = {М.},
    publisher = {Наука},
    year = {1976},
    author = {Расторгуева, Вера},
    title = {О явлениях агглютианации в иранских языках},
    langid = {russian},
    keywords = {pamir},
}

@incollection{yartseva1976,
    booktitle = {Иранское языкознание: история, этимология, типология (К 75-летию проф. В.~И.~Абаева)},
    editor = {Расторгуева, Вера},
    pages = {54–63},
    address = {М.},
    publisher = {Наука},
    year = {1976},
    author = {Ярцева, Виктория},
    title = {Глагольные категории в инфинитиве индоевропейских языков},
    langid = {russian},
    keywords = {pamir},
}

@incollection{pakhalina1976_pronouns,
    booktitle = {Иранское языкознание: история, этимология, типология (К 75-летию проф. В.~И.~Абаева)},
    editor = {Расторгуева, Вера},
    pages = {79–84},
    address = {М.},
    publisher = {Наука},
    year = {1976},
    author = {Пахалина, Татьяна},
    title = {Об индоарийских элементах в системе личных местоимений восточноиранских языков},
    langid = {russian},
    keywords = {pamir},
}

@incollection{edelman1976,
    booktitle = {Иранское языкознание: история, этимология, типология (К 75-летию проф. В.~И.~Абаева)},
    editor = {Расторгуева, Вера},
    pages = {85–96},
    address = {М.},
    publisher = {Наука},
    year = {1976},
    author = {Эдельман, Джой},
    title = {К истории язгулямских и шугнано-рушанских указательных местоимений},
    langid = {russian},
    keywords = {pamir},
}

@incollection{molchanova1976,
    booktitle = {Иранское языкознание: история, этимология, типология (К 75-летию проф. В.~И.~Абаева)},
    editor = {Расторгуева, Вера},
    pages = {119–129},
    address = {М.},
    publisher = {Наука},
    year = {1976},
    author = {Молчанова, Елена},
    title = {О числовых корреляциях в современном таджикском языке},
    langid = {russian},
    keywords = {pamir},
}

@incollection{gertsenberg1976,
    booktitle = {Иранское языкознание: история, этимология, типология (К 75-летию проф. В.~И.~Абаева)},
    editor = {Расторгуева, Вера},
    pages = {130–135},
    address = {М.},
    publisher = {Наука},
    year = {1976},
    author = {Герценберг, Леонард},
    title = {Иранские этимологии I},
    langid = {russian},
    keywords = {pamir},
}

@incollection{dodykhudoev1976,
    booktitle = {Иранское языкознание: история, этимология, типология (К 75-летию проф. В.~И.~Абаева)},
    editor = {Расторгуева, Вера},
    pages = {136–145},
    address = {М.},
    publisher = {Наука},
    year = {1976},
    author = {Додыхудоев, Рахим},
    title = {Памирские этимологии},
    langid = {russian},
    keywords = {pamir},
}

@incollection{oranskiy1976,
    booktitle = {Иранское языкознание: история, этимология, типология (К 75-летию проф. В.~И.~Абаева)},
    editor = {Расторгуева, Вера},
    pages = {148–159},
    address = {М.},
    publisher = {Наука},
    year = {1976},
    author = {Оранский, Иосиф},
    title = {Тадж. kati/qati — осет. (диг.) xäccä},
    langid = {russian},
    keywords = {pamir},
}

@incollection{khromov1976,
    booktitle = {Иранское языкознание: история, этимология, типология (К 75-летию проф. В.~И.~Абаева)},
    editor = {Расторгуева, Вера},
    pages = {160–167},
    address = {М.},
    publisher = {Наука},
    year = {1976},
    author = {Хромов, Альберт},
    title = {Ягнобские архаизмы в топонимических названиях},
    langid = {russian},
    keywords = {pamir},
}

@incollection{pakhalina1976_toponym,
    booktitle = {Иранское языкознание: история, этимология, типология (К 75-летию проф. В.~И.~Абаева)},
    editor = {Расторгуева, Вера},
    pages = {178–181},
    address = {М.},
    publisher = {Наука},
    year = {1976},
    author = {Пахалина, Татьяна},
    title = {О происхождении топонимов Ишкашим, Язгулям и Вахан},
    langid = {russian},
    keywords = {pamir},
}

@incollection{steblin_kamenskiy1976,
    booktitle = {Иранское языкознание: история, этимология, типология (К 75-летию проф. В.~И.~Абаева)},
    editor = {Расторгуева, Вера},
    pages = {182–185},
    address = {М.},
    publisher = {Наука},
    year = {1976},
    author = {Стеблин-Каменский, Иван},
    title = {Два ваханских топонима},
    langid = {russian},
    keywords = {pamir},
}

@incollection{peysikov1976,
    booktitle = {Иранское языкознание: история, этимология, типология (К 75-летию проф. В.~И.~Абаева)},
    editor = {Расторгуева, Вера},
    pages = {190–198},
    address = {М.},
    publisher = {Наука},
    year = {1976},
    author = {Пейсиков, Лазарь},
    title = {К истории словообразования отымённых глаголов в персидском языке},
    langid = {russian},
    keywords = {pamir},
}

@incollection{rozenfeld1976,
    booktitle = {Иранское языкознание: история, этимология, типология (К 75-летию проф. В.~И.~Абаева)},
    editor = {Расторгуева, Вера},
    pages = {209–217},
    address = {М.},
    publisher = {Наука},
    year = {1976},
    author = {Розенфельд, Анна},
    title = {К терминологии родства и свойства в таджикских говорах},
    langid = {russian},
    keywords = {pamir},
}

@book{gabaraev_ed1977,
    editor = {Габараев, Николай},
    address = {Тбилиси},
    publisher = {Мецниереба},
    year = {1977},
    title = {Вопросы иранской и общей филологии},
    langid = {russian},
    keywords = {pamir},
}

@incollection{gertsenberg1977,
    booktitle = {Вопросы иранской и общей филологии},
    editor = {Габараев, Николай},
    pages = {73–79},
    address = {Тбилиси},
    publisher = {Мецниереба},
    year = {1977},
    author = {Герценберг, Леонард},
    title = {К вопросу о «предыстории» индоиранских приставок},
    langid = {russian},
    keywords = {pamir},
}

@incollection{dodykhudoev1977,
    booktitle = {Вопросы иранской и общей филологии},
    editor = {Габараев, Николай},
    pages = {128–130},
    address = {Тбилиси},
    publisher = {Мецниереба},
    year = {1977},
    author = {Додыхудоев, Рахим},
    title = {К этимологии шугнанского топонима Porx̌inev},
    langid = {russian},
    keywords = {pamir},
}

@incollection{pakhalina1977_negation,
    booktitle = {Вопросы иранской и общей филологии},
    editor = {Габараев, Николай},
    pages = {222–227},
    address = {Тбилиси},
    publisher = {Мецниереба},
    year = {1977},
    author = {Пахалина, Татьяна},
    title = {Об одном грамматическом архаизме некоторых иранских языков},
    langid = {russian},
    keywords = {pamir},
}

@incollection{rozenfeld1977,
    booktitle = {Вопросы иранской и общей филологии},
    editor = {Габараев, Николай},
    pages = {228–231},
    address = {Тбилиси},
    publisher = {Мецниереба},
    year = {1977},
    author = {Розенфельд, Анна},
    title = {Čal ‘вода, влага, топь, топкое место’ и его дериваты в иранских языках},
    langid = {russian},
    keywords = {pamir},
}

@incollection{edelman1977,
    booktitle = {Вопросы иранской и общей филологии},
    editor = {Габараев, Николай},
    pages = {349–359},
    address = {Тбилиси},
    publisher = {Мецниереба},
    year = {1977},
    author = {Эдельман, Джой},
    title = {К истории лабиализованных согласных в иранских языках},
    langid = {russian},
    keywords = {pamir},
}

@article{obrtelova2022,
    journal = {Orientalia Suecana},
    doi = {10.33063/diva-490983},
    pages = {115–140},
    volume = {71},
    year = {2022},
    author = {Obrtelová, Jaroslava},
    title = {Tajik-Wakhi language contact},
    langid = {english},
    keywords = {pamir},
}

@book{andreev1953,
    address = {Сталинабад},
    publisher = {Издательство АН Таджикской ССР},
    year = {1953},
    author = {Андреев, Михаил},
    title = {Таджики долины Хуф (Верховья Аму-Дарьи). Выпуск I},
    langid = {russian},
    keywords = {pamir},
}

@book{andreev1958,
    address = {Сталинабад},
    publisher = {Издательство АН Таджикской ССР},
    year = {1958},
    author = {Андреев, Михаил},
    title = {Таджики долины Хуф (Верховья Аму-Дарьи). Выпуск II},
    langid = {russian},
    keywords = {pamir},
}

@book{edelman2020_dict,
    address = {М.},
    publisher = {Восточная литература},
    year = {2020},
    author = {Эдельман, Джой},
    title = {Этимологический словарь иранских языков},
    volume = {6},
    langid = {russian},
    keywords = {pamir},
}

@incollection{muravieva1975,
    address = {М.},
    author = {Муравьёва, Ирина},
    editor = {Звегинцев, Владимир},
    series = {Публикации ОСиПЛ},
    number = {7},
    title = {Непозиционные чередования фонем в шугнанском языке},
    booktitle = {Исследования по структурной и прикладной лингвистике},
    publisher = {Издательство МГУ},
    year = {1975},
    pages = {124–135},
    langid = {russian},
    keywords = {pamir},
}

@incollection{lashkarbekov2008,
    address = {М.},
    author = {Лашкарбеков, Богшо},
    editor = {Ефимов, Валентин},
    title = {Старованджский язык (\textit{vanǰivor})},
    booktitle = {Основы иранского языкознания: Среднеиранские и новоиранские языки},
    publisher = {Восточная литература},
    year = {2008},
    pages = {61–109},
    langid = {russian},
    keywords = {pamir},
}

@incollection{payne1989,
    address = {Wiesbaden},
    author = {Payne, John},
    editor = {Schmitt, Rüdiger},
    title = {Pāmir Languages},
    booktitle = {Compendium Linguarum Iranicarum},
    publisher = {Reichert},
    year = {1989},
    pages = {418–444},
    langid = {english},
    keywords = {pamir},
}

@article{steblin_kamenskiy1993,
    author = {Стеблин-Каменский, Иван},
    title = {Первое путешествие И.~И.~Зарубина на Памир летом 1914~г.},
    journal = {Кунсткамера: Этнографические тетради},
    year = {1989},
    pages = {139–150},
    volume = {1},
    langid = {russian},
    keywords = {pamir},
}

@inproceedings{fuchs2015,
    address = {Berkeley},
    author = {Fuchs, Zuzanna},
    title = {Second Position and “Floating” Clitics in Wakhi},
    inproceedings = {Proceedings of the 41st Annual Meeting of the Berkeley Linguistics Society},
    year = {2015},
    pages = {133–154},
    langid = {english},
    keywords = {pamir},
}

@thesis{melenchenko2024_mirativity,
    address = {Moscow},
    author = {Melenchenko, Maksim},
    title = {Mirativity as continuative evidentiality},
    school = {Higher School of Economics},
    year = {2024},
    note = {MA term paper},
    langid = {english},
    keywords = {hse},
}

@thesis{melenchenko2025_diploma,
    address = {Moscow},
    author = {Melenchenko, Maksim},
    title = {Functions of TAME verb forms in Shughni narratives},
    school = {Higher School of Economics},
    year = {2025},
    note = {MA thesis},
    langid = {english},
    keywords = {hse},
}

@article{melenchenko2024_love,
    title = {Синтаксические свойства недостаточного глагола \textit{жӣwҷ} ‘любить’ в шугнанском языке},
    volume = {7},
    doi = {10.37632/PI.2024.23.59.003},
    number = {1},
    journal = {Типология морфосинтаксических параметров},
    author = {Меленченко, Максим},
    year = {2024},
    pages = {64–88},
    langid = {russian},
    keywords = {hse},
}

@article{melenchenko2025_pear,
    title = {What we do in the shadows of the pear tree: {Tense} switching in {Shughni} {Pear} {Stories}},
    journal = {Indo-Iranian Languages},
    author = {Melenchenko, Maksim},
    year = {in~print},
    langid = {english},
    keywords = {hse},
}

@article{melenchenko2025_pluperfect,
    title = {Плюсквамперфект в шугнанском и других памирских языках},
    volume = {1},
    journal = {Indo-Iranian Languages},
    author = {Меленченко, Максим},
    number = {1},
    year = {2025},
    pages = {50–88},
    langid = {russian},
    keywords = {hse},
}

@article{bakhtovarshoev2013,
    title = {Статистическое распределение частот букв одного варианта алфавита шугнанского языка},
    volume = {56},
    issn = {0002-3469},
    number = {7},
    journal = {Доклады Академии наук Республики Таджикистан},
    author = {Бахтоваршоев, Алигавхар},
    year = {2013},
    pages = {531–533},
    langid = {russian},
    keywords = {pamir},
}

@article{bakhtovarshoev2016,
    title = {Транслитерация памирских языков},
    volume = {5},
    issn = {2313-5816},
    number = {2},
    journal = {Родной язык},
    author = {Бахтоваршоев, Алигавхар},
    year = {2016},
    pages = {40–52},
    langid = {russian},
    keywords = {pamir},
}

@article{makarov_jipa,
    title = {Shughni},
    journal = {Journal of the International Phonetic Association},
    author = {Makarov, Yury},
    year = {submitted},
    langid = {english},
    keywords = {hse},
}

@article{padalka_etal2026,
    title = {Морфосинтаксический статус и семантика шугнанского показателя -\textit{ard}: к развитию новых падежных маркеров в иранских языках},
    journal = {Вопросы языкознания},
    author = {Падалка, Полина and Рыжова, Дарья and Чистякова, Дарья},
    year = {в~печати},
    langid = {russian},
    keywords = {hse},
}

@article{novokshanov2025,
    title = {Реляционные свойства некоторых локативных имён в шугнанском языке: семантика и грамматикализация},
    journal = {Indo-Iranian languages},
    number = {2},
    author = {Новокшанов, Дмитрий},
    year = {2025},
    langid = {russian},
    keywords = {hse},
}

@article{belyaev2025_constr,
    title = {Полифункциональные подчинительные конструкции в бартангском языке: к единому анализу},
    journal = {Вопросы языкознания},
    number = {3},
    pages = {30–61},
    author = {Беляев, Олег},
    year = {2025},
    langid = {russian},
    keywords = {hse},
}

@article{belyaev2025_conj,
    title = {Позиционные классы союзов в бартангском языке},
    journal = {Вестник Московского университета. Серия 9: Филология},
    number = {2},
    pages = {70–87},
    author = {Беляев, Олег},
    year = {2025},
    langid = {russian},
    keywords = {hse},
}


